2652 4088
294 106 402 163 344
883 79 1171 152 eouecta'n'ea
1199 112 1256 161 ex
1286 100 1516 155 codicibus
1545 96 1933 149 Pu1kciviensibus‚

295 270 392 306 non
418 260 605 304 tantum
630 252 879 315 vulgarem
918 251 1006 300 sed
1033 255 1082 300 et
1104 248 1240 298 illam
1266 250 1596 314 astrologiam,
1638 266 1782 316 quam
1823 259 2197 304 consentaneam
2237 253 2544 318 deprehendo

296 331 439 379 rebus
476 325 805 385 naturalibus,
854 325 1000 388 plane
1039 336 1215 372 censeo
1254 323 1582 387 seponendam
1622 341 1654 373 a
1691 325 2121 375 deliberationibus
2158 327 2292 376 hisce
2327 335 2426 376 tam
2465 343 2545 376 ar-

299 403 419 450 duiS.
494 399 603 446 Non
644 397 839 460 quidem
876 398 969 445 hoc
1016 409 1216 457 moneo,
1265 411 1323 444 ac
1360 397 1400 444 si
1438 400 1762 446 necessarium
1810 399 1904 447 hoc
1950 400 2038 448 tibi
2067 402 2139 450 sit
2177 402 2227 447 in
2265 400 2544 448 solennibus

301 472 635 523 consessibus:
694 473 795 519 scio
835 472 884 517 in
922 469 1019 516 illis
1058 468 1179 516 nihil
1219 483 1276 516 ex
1315 469 1409 517 hoc
1446 470 1760 520 fundamento
1810 471 2047 534 disputari
2085 472 2257 525 solere.
2335 472 2431 521 Sed
2468 475 2544 519 in-

301 546 507 594 sidiatur
543 544 665 592 haec
704 542 967 605 vulpecula
1003 541 1154 589 multo
1194 541 1423 589 latentius
1465 543 1594 590 dorni
1631 545 1679 590 in
1720 544 1965 605 cubicu10,
2018 559 2164 607 super
2201 551 2379 605 strat0,
2418 545 2545 592 intus

298 621 349 666 in
388 620 582 678 anim03
633 613 935 678 instillatque
972 613 1228 675 interdum,
1283 614 1560 677 quod-quis
1600 617 1661 663 ab
1702 617 1785 664 illa
1825 624 2076 681 corruptus
2122 620 2169 664 in
2210 624 2428 667 senatum
2469 619 2545 665 in-

296 692 419 740 ferat
458 703 717 752 suppresso
758 689 978 737 authore.

470 763 576 825 Ego
615 767 814 823 rogatus
853 776 883 809 a
921 760 1155 824 partibUS,
1197 773 1319 822 quas
1359 759 1557 808 Caesari
1595 762 1695 808 scio
1725 761 1972 823 adversaS,
2012 777 2158 825 super
2196 769 2432 811 astrorum
2460 761 2548 810 de-

299 837 439 886 cretis
491 834 751 898 respondi,
802 849 897 883 non
952 848 1077 895 quae
1117 847 1200 895 per
1240 847 1292 880 se
1331 832 1539 895 alicujus
1579 837 1810 883 momenti
1850 850 1954 884 esse
1996 850 2245 895 censeam,
2299 835 2384 883 sed
2424 849 2549 896 quae

299 908 521 958 credulos
559 906 852 971 percellant:
902 907 1126 954 nimirum
1178 905 1470 967 longaevam
1511 906 1733 955 Caesaris
1773 914 2007 967 aetatem,
2058 908 2346 957 directiones
2394 908 2547 955 malas

297 981 473 1042 nullaS,
513 980 866 1030 Revolutiones
906 980 1101 1042 quidem
1141 979 1295 1026 malas
1337 986 1384 1027 et
1424 978 1661 1041 EclipseS,
1704 980 1789 1028 sed
1826 980 1937 1030 illas
1974 982 2072 1043 jam
2111 983 2397 1044 praeteritas
2436 986 2549 1029 ante
2635 980 2652 1037 j

299 1068 506 1114 annum,
548 1055 796 1102 biennium
847 1059 895 1102 et
932 1053 1209 1102 triennium.
1276 1051 1455 1099 Contra
1494 1051 1806 1102 Matthiae
1845 1055 2012 1102 turbas
2053 1053 2382 1114 imminenteS,
2433 1054 2548 1116 quia
2636 1046 2652 1118 ’,ἒ

300 1128 538 1176 Saturnus
577 1126 638 1175 ad
668 1126 830 1175 Solem
869 1127 1023 1189 ipsius
1063 1125 1266 1183 accedit,
1307 1131 1355 1172 et
1382 1126 1496 1187 quia
1534 1125 1616 1173 fiet
1642 1128 1884 1188 oppositio
1909 1142 2087 1189 magna
2113 1127 2307 1176 Saturni
2334 1133 2383 1174 et
2405 1124 2550 1176 Jovis
2630 1186 2632 1190 .

296 1203 346 1248 in
384 1201 492 1249 loco
533 1199 662 1249 Solis
702 1201 870 1262 ipsius,
948 1198 1086 1247 Haec
1125 1197 1233 1246 dico
1272 1197 1499 1245 hostibus
1536 1198 1782 1259 Caesaris,
1839 1202 1954 1262 quia
1992 1202 2030 1246 si
2078 1207 2259 1250 metum
2310 1198 2407 1247 illis
2452 1212 2549 1246 uon
2630 1246 2635 1251 ,

301 1275 554 1331 incutiunt,
598 1279 724 1321 certe
763 1271 1063 1322 confidentes
1098 1285 1196 1319 non
1235 1271 1456 1319 reddunt.
1536 1269 1730 1320 Caesari
1770 1276 1862 1335 ipsi
1902 1273 2050 1321 nolim
2089 1275 2183 1322 ista
2221 1273 2392 1332 dicere,
2433 1273 2550 1334 quia
2624 1272 2634 1287 ³

301 1361 398 1395 non
436 1348 561 1395 tanti
599 1351 710 1393 sunt
749 1347 995 1403 momenti,
1037 1350 1093 1392 ut
1128 1345 1188 1391 iis
1226 1343 1472 1392 fidendum
1509 1349 1704 1407 putem:
1758 1353 1806 1395 et
1845 1361 1959 1395 vero
1999 1353 2162 1395 metuo
2203 1353 2256 1394 ut
2295 1345 2551 1394 Caesarem
2626 1339 2634 1393 ff

297 1425 488 1484 praeter
525 1420 760 1467 rationem
801 1418 1069 1478 obfirment,
1111 1424 1163 1464 ut
1202 1417 1420 1480 negligat
1455 1415 1619 1468 media
1641 1415 1918 1481 mediocria,
1962 1434 2086 1482 quae
2114 1419 2392 1482 Principum
2428 1416 2553 1466 fide-

296 1494 421 1540 lium
459 1492 887 1540 intercessionibus
937 1491 1117 1538 habere
1166 1491 1370 1539 fortasse
1413 1480 1604 1553 petest.
1655 1505 1754 1554 quo
1805 1498 1949 1555 pacto
1988 1493 2270 1555 Astrologia
2316 1491 2452 1539 illum
2504 1491 2551 1536 in
2621 1489 2627 1492 ’

295 1565 450 1614 multo
488 1565 647 1627 majus
684 1564 866 1612 malum
906 1564 1180 1626 conjiceret,
1220 1569 1368 1625 atque
1402 1576 1532 1612 nune
1569 1569 1657 1614 est.

472 1637 698 1686 Vicissim
738 1638 841 1696 tibi,
883 1639 998 1699 quia
1025 1636 1221 1684 Caesari
1259 1635 1384 1683 fidus
1421 1649 1488 1695 es,
1529 1635 1685 1685 dicam
1725 1638 1946 1699 ingenue,
1988 1637 2118 1700 quod
2143 1636 2453 1686 Matthiae
2493 1642 2540 1684 et

298 1710 533 1759 Bohemis
573 1725 822 1772 nunquam
864 1725 969 1757 sum
1011 1709 1239 1769 dicturus,
1282 1708 1396 1770 quid
1436 1711 1659 1758 nimirum
1700 1710 1819 1757 mihi
1856 1725 2002 1774 super
2040 1712 2382 1774 cooperatione
2421 1708 2589 1763 sides.
2633 1717 2652 1801 1

301 1799 407 1832 rum
445 1785 495 1831 in
531 1782 608 1831 his
646 1784 800 1830 turbis
841 1797 898 1830 ex
938 1783 1117 1829 saniori
1146 1781 1412 1843 astrologia
1439 1784 1565 1831 serio
1592 1782 1832 1843 videatur,
1874 1785 1965 1832 etsi
1991 1786 2180 1832 interim
2207 1784 2356 1832 nolim
2382 1797 2555 1845 quem·—

300 1871 447 1919 quam
499 1857 558 1904 iis
611 1857 778 1915 inniti,
837 1855 1132 1919 posthabitis
1186 1856 1560 1922 circumstantiis
1616 1870 1774 1904 rerum
1827 1858 2061 1918 proximis
2109 1863 2157 1906 et
2194 1857 2403 1920 planetis
2455 1862 2555 1904 ter·
2631 1853 2652 1888 ’

294 1929 544 1979 restribus.
2623 1928 2652 1970 ’ἐῑ

471 2001 782 2049 Matthias
823 2000 1112 2050 directiones
1153 1999 1340 2063 aliquot
1372 2000 1476 2063 jam
1513 2000 1779 2049 transmisit
1816 2001 2090 2051 mehercule
2128 2001 2551 2062 laboriosissimae,
2630 2020 2644 2059 ς·

299 2089 425 2124 anno
469 2078 605 2124 1566
648 2073 815 2123 Lunae
856 2074 916 2121 ad
945 2075 1003 2134 Ι]
1032 2070 1095 2137 Γ),
1137 2088 1264 2121 anno
1296 2078 1433 2122 1595
1475 2071 1602 2122 Solis
1644 2074 1707 2123 ad
1734 2073 2019 2136 Saturnum3
2058 2074 2309 2139 respondit
2345 2075 2551 2123 fortuna.
2628 2128 2638 2147 ‚

297 2149 422 2197 Nam
460 2162 586 2196 anno
634 2149 769 2196 1594
810 2149 952 2207 (satis
991 2148 1208 2209 praecise
1236 2148 1344 2206 ista,
1385 2147 1495 2209 plus
1523 2148 1585 2195 ab
1611 2148 1755 2195 astris
1791 2162 1888 2196 non
1928 2155 2001 2198 est
2039 2147 2416 2212 expectandum)
2453 2162 2552 2196 rem
2628 2151 2639 2212 ζ

296 2221 424 2270 male
463 2221 614 2284 gessit
654 2220 715 2268 ad
757 2219 1052 2283 Strigoniurn
1094 2219 1475 2282 Jaurinumque,
1534 2222 1581 2267 in
1621 2219 1793 2270 insula.
1872 2221 1953 2270 Sic
1991 2236 2119 2270 anno
2163 2224 2298 2272 1589
2339 2220 2554 2270 Medium
2626 2276 2638 2291 κ

299 2294 436 2343 Coeli
477 2293 539 2342 ad
579 2295 856 2356 oppositum
885 2293 1096 2352 Saturni,
1136 2294 1207 2341 sic
1244 2307 1372 2341 anno
1406 2298 1559 2353 1605,
1606 2299 1758 2353 1606,
1799 2293 1927 2343 Solis
1962 2294 2024 2343 ad
2052 2296 2327 2359 oppositum
2366 2294 2554 2354 Martis,
2620 2311 2643 2351 J,

297 2366 491 2430 quando
519 2363 793 2429 Ungaricae
833 2367 1004 2414 turbae
1030 2367 1237 2425 fuerunt,
1279 2374 1326 2413 et
1354 2366 1650 2415 Archiduces
1676 2367 1884 2429 Pragam
1912 2370 2162 2418 venientes
2190 2367 2418 2416 Matthi
2438 2382 2555 2415 am·
2622 2364 2641 2423 02

298 2454 391 2503 que
419 2439 615 2488 Caesari
654 2446 980 2502 proponentes
1016 2439 1273 2487 Caesarem
1314 2439 1382 2486 illi
1424 2439 1576 2488 multo
1614 2441 1772 2501 magis
1810 2440 2125 2490 reddiderunt
2163 2442 2414 2490 offensum.
2475 2439 2580 2487 Ab
2619 2436 2652 2508 ἓ,

298 2513 394 2561 hoc
431 2518 651 2574 tempore
690 2513 849 2561 bonae
888 2513 1081 2560 fuerunt
1122 2511 1411 2561 directiones
1451 2519 1499 2561 et
1536 2513 1889 2572 revolutiones,
1940 2528 2066 2563 anno
2113 2519 2246 2563 1606
2289 2513 2456 2562 Lunae
2492 2511 2555 2560 ad
2634 2505 2637 2514 ⁴

296 2587 476 2634 trinum
497 2585 684 2644 Mai-tm,
725 2599 851 2632 anno
879 2590 1012 2633 1607
1038 2584 1207 2634 Lunae
1237 2585 1297 2634 ad
1325 2585 1545 2634 sextilem
1573 2585 1719 2634 Jovis
1746 2593 1793 2635 et
1826 2587 1928 2649 jam
1955 2586 2050 2636 hoc
2086 2600 2212 2636 anno
2237 2584 2388 2635 Medii
2418 2583 2554 2634 Coeli
2645 2629 2652 2637 ,

299 2658 361 2708 ad
401 2673 575 2722 corpus
611 2657 799 2718 Martis,
841 2672 965 2719 quae
1006 2658 1286 2706 turbulenta
1325 2657 1519 2719 quidem
1558 2666 1631 2707 est
1670 2659 1885 2718 directio,
1926 2658 2012 2708 sed
2051 2673 2161 2709 cum
2197 2665 2460 2723 potestate,
2501 2663 2555 2705 ut
2607 2658 2634 2718 ’Δ

301 2733 459 2781 estin
499 2729 775 2794 propatulo,
852 2730 1081 2793 Sequitur
1133 2745 1259 2779 anno
1311 2733 1532 2793 proximo
1586 2732 1783 2780 directio
1837 2732 1987 2781 Medii
2028 2731 2164 2782 Coeli
2216 2732 2278 2780 ad
2330 2730 2553 2782 sextilem
2620 2792 2622 2794 η

298 2804 466 2864 Jovis‚
506 2810 681 2867 postea
719 2802 1041 2851 Ascendentis
1082 2803 1143 2851 ad
1182 2804 1402 2851 sextilem
1443 2804 1612 2853 Martis
1653 2802 1876 2870 (febrilis,
1926 2805 2012 2854 sed
2050 2807 2240 2854 interim
2278 2805 2394 2855 felix
2433 2818 2554 2853 con·
2613 2820 2625 2867 3

299 2874 507 2941 stitutio)
547 2882 596 2925 et
644 2875 852 2938 denique
893 2875 1214 2924 Ascendentis
1263 2875 1324 2924 ad
1377 2891 1549 2939 corpus
1588 2876 1749 2925 Jovis.
1825 2877 1920 2926 Hic
1960 2892 2050 2939 ego
2088 2876 2403 2944 (astrologice
2441 2878 2591 2940 qui·

300 2947 425 3016 dem)
466 2954 660 2998 externa
700 2951 862 2998 omnia
900 2949 1061 2997 felicia
1100 2954 1333 2996 eventura
1384 2956 1502 3011 puto
1543 2956 1591 2998 et
1628 2949 1890 3009 honorata,
1946 2957 1993 2999 et
2031 2954 2286 3000 transitum
2324 2950 2548 2999 fortunae
2600 2953 2621 3008 »Ἴ

301 3024 522 3072 Caesaris
561 3025 608 3070 in
655 3024 840 3085 ipsum·
896 3023 1010 3084 quia
1050 3027 1250 3083 uterque
1301 3022 1450 3070 habet
1498 3022 1718 3070 sextilem
1771 3022 1916 3070 ,Iovis
1968 3031 2014 3072 et
2055 3024 2228 3073 Martis
2284 3029 2334 3074 et
2370 3023 2588 3073 Caesar

301 3095 494 3159 quidem
532 3110 619 3158 per
658 3094 854 3144 easdem
901 3093 1230 3143 revolutiones
1271 3094 1331 3143 ad
1371 3109 1518 3157 regna
1556 3109 1645 3142 sua
1681 3102 1941 3157 provectus
1982 3104 2070 3146 est.
2145 3095 2315 3148 Solum
2354 3101 2402 3145 et
2442 3080 2550 3144 uni·
2596 3134 2613 3174 .⁴
2650 3122 2652 3131 ‹

300 3184 407 3218 eum
460 3171 553 3232 ipsi
602 3170 999 3217 nocentissimum
1050 3168 1239 3216 hostem
1284 3173 1403 3230 puto
1454 3167 1804 3217 destillationes
1853 3170 2056 3220 futuras.
2133 3169 2236 3218 Etsi
2293 3183 2409 3218 vero
2457 3167 2598 3218 Sa·
2598 3220 2603 3230 ..
2649 3170 2652 3206 ἕ

300 3248 469 3290 turnus
508 3241 569 3290 ad
616 3241 780 3290 Solem
819 3241 1009 3290 accedit
1047 3247 1097 3289 et
1134 3240 1186 3289 fit
1225 3243 1273 3287 in
1312 3241 1422 3287 loco
1472 3239 1601 3288 Solis
1642 3244 1884 3303 oppositio
1925 3257 2127 3305 magna:
2177 3248 2339 3292 tamen
2384 3240 2503 3290 eade

301 3329 428 3363 anno
472 3318 626 3373 1593.
674 3317 812 3364 1594
852 3315 998 3362 etiam
1038 3313 1235 3363 Caesari
1275 3316 1592 3375 contigerunt.
1672 3313 1846 3375 Quare,
1888 3318 1959 3363 uti
1999 3316 2193 3365 Caesari
2233 3323 2347 3364 tunc
2385 3253 2644 3416 natussm

303 3393 375 3436 est
412 3387 595 3436 bellum
634 3387 828 3449 quidem
867 3385 1122 3446 horribile,
1175 3386 1260 3435 sed
1305 3386 1434 3434 felici
1472 3392 1633 3434 tamen
1671 3401 1925 3449 successu,
1974 3403 2070 3451 quo
2108 3389 2192 3437 ille
2229 3388 2359 3438 bello
2398 3391 2553 3448 evasit

301 3475 533 3522 magnus,
575 3461 645 3508 sic
684 3459 811 3508 idem
851 3457 997 3508 etiam
1036 3459 1358 3508 Matthias
1396 3473 1591 3529 sperare
1628 3466 1815 3521 potest,
1858 3476 1967 3510 cum
2004 3461 2149 3511 Jovis
2187 3461 2452 3525 applicatio
2490 3457 2551 3508 ad

309 3539 465 3582 ortum
506 3534 667 3582 omnia
703 3533 1000 3581 faustissima
1038 3533 1340 3594 polliceatur.
2636 3582 2637 3587 ,

484 3605 664 3654 Caesar
703 3612 869 3654 contra
893 3605 1040 3654 habet
1065 3605 1352 3654 directiones
1391 3603 1635 3665 adversaS,
1675 3603 1828 3655 Medii
1858 3606 1994 3656 Coeli
2021 3606 2084 3655 ad
2112 3608 2363 3670 oppositos
2388 3604 2551 3654 radios
2588 3619 2637 3671 ,⁸¹

315 3676 517 3726 Veneris
558 3684 606 3727 et
643 3677 886 3739 Mercurii,
927 3678 1010 3726 ubi
1047 3677 1366 3727 Matthias
1405 3677 1552 3725 habet
1578 3677 1783 3737 Lunam,
1826 3680 2145 3729 Ascendentis
2185 3693 2300 3729 vero
2339 3678 2403 3728 ad
2427 3672 2594 3740 qua-,⁴

316 3748 503 3798 dratum
542 3750 731 3799 radium
755 3750 881 3799 Solis
907 3753 1138 3813 proxime,
1181 3753 1262 3812 qui
1302 3757 1373 3799 est
1414 3749 1690 3813 oppositum
1727 3750 1900 3800 Martis
1939 3755 1987 3800 in
2023 3753 2191 3815 genesi
2215 3751 2548 3801 Matthiae.
2580 3748 2591 3788 Δ
2632 3742 2633 3747 ’

483 3822 620 3873 Haec
658 3825 699 3872 si
750 3823 1023 3886 astrologus
1075 3823 1252 3886 aliquis
1307 3822 1494 3872 videret
1543 3827 1590 3871 et
1627 3824 1967 3888 perpenderet,
2019 3831 2068 3874 et
2114 3826 2156 3874 si
2202 3839 2355 3888 penes
2391 3825 2549 3886 ipsum
