2652 4088
315 158 390 230 '74
1236 176 1427 222 Joannis
1457 177 1646 235 Kepleri

319 323 364 364 et
394 319 516 366 saxis
549 319 752 377 aliisque,
783 334 899 377 quae
929 323 1213 379 superficiem
1243 327 1390 367 terrae
1419 328 1645 378 asperant.
1687 323 1975 379 Relinquitur
1994 322 2142 378 igitur,
2172 329 2224 369 ut
2246 325 2398 370 circuli
2421 325 2564 370 futuri

317 393 486 441 puncta
520 385 696 441 singula
728 386 964 432 intervallo
995 402 1082 431 non
1115 389 1304 443 longiori
1338 387 1393 432 ab
1415 387 1604 432 invicem
1625 388 1853 445 distantia,
1887 400 2018 444 quam
2049 395 2100 434 ut
2131 389 2322 434 alterum
2342 391 2398 436 ab
2421 391 2563 436 altero

319 452 517 507 conspici
550 453 707 507 possit,
740 453 928 506 singulis
962 453 1250 509 designentur
1280 453 1505 510 funiculis,
1537 455 1594 499 ab
1625 457 1782 501 eodem
1813 453 1917 513 palo
1939 454 2082 499 nexis.
2123 455 2185 500 Et
2206 464 2356 501 tamen
2385 471 2565 502 mensor

316 516 420 560 inde
442 530 467 559 a
489 517 591 572 palo
615 518 670 561 ad
703 518 1108 563 circumferentiam
1142 532 1269 564 carro
1302 525 1464 564 onusto
1495 520 1674 566 incedat
1703 533 1889 567 necesse
1912 526 1994 577 est,
2026 525 2077 565 ut
2098 521 2294 566 sufficiat
2315 522 2403 579 ipsi
2422 521 2565 581 longi-

318 582 427 627 tudo
459 581 643 626 funiculi
674 597 755 639 per
787 586 812 628 5
843 584 1063 628 milliaria.

494 651 562 694 17.
599 650 670 694 Ex
691 651 858 696 XXIX.
890 651 1121 703 habemus,
1154 652 1384 697 individua
1406 652 1550 708 gentis
1580 652 1752 696 lunaris
1783 665 1874 696 non
1896 665 1996 696 esse
2017 652 2134 696 mole
2156 667 2393 711 corporum
2414 654 2567 712 aequi-

318 717 520 774 paranda
549 717 774 764 montibus
806 717 1053 774 lunaribus,
1086 731 1141 763 ex
1164 717 1384 762 XXXIII.'
1404 732 1522 773 vero,
1555 732 1653 763 esse
1684 732 1924 764 numerosa
1954 719 2253 764 multitudine.
2301 720 2411 765 Cum
2430 720 2568 776 igitur

315 783 606 839 apparentiae
643 789 867 828 testentur
911 784 966 829 de
997 783 1210 839 operibus
1249 784 1427 828 illorum
1456 785 1736 840 ingentibus,
1775 790 1955 841 oportet
1996 798 2181 828 numero
2222 785 2403 842 perfici,
2444 785 2567 844 quod

314 847 432 892 mole
464 861 702 905 corporum
741 848 911 906 nequit.
971 849 1196 906 Exempla
1240 851 1571 907 qualiacunque
1614 855 1747 896 sunto
1791 852 1927 895 turris
1970 851 2266 906 Babylonica,
2311 853 2567 909 pyramides

313 911 528 971 Aegypti,
567 926 702 970 agger
738 915 784 959 in
823 914 1057 971 provincia
1094 915 1302 961 Peruana
1342 914 1634 973 longissimus
1670 915 1820 972 lapide
1860 923 2141 974 constratus,
2186 932 2341 964 murus
2380 920 2509 965 Sinas
2541 932 2569 964 a

316 977 518 1023 Tartaris
547 979 767 1026 muniens.

494 1045 558 1090 18.
592 1046 644 1089 In
675 1046 752 1091 illa
795 1060 959 1103 magna
1003 1060 1159 1103 cavea,
1206 1061 1320 1105 quae
1352 1047 1617 1093 diametrum
1649 1048 1788 1093 habet
1818 1050 1874 1095 10
1903 1049 2157 1095 milliarium
2198 1051 2567 1107 germanicorum,

313 1111 433 1155 bona
476 1124 581 1169 pars
623 1112 827 1158 diametri
870 1118 1118 1169 occupatur
1159 1115 1216 1159 ab
1248 1114 1374 1158 hiatu
1405 1114 1694 1165 intermedio,
1734 1114 1908 1160 labrum
1948 1117 2068 1161 inter
2106 1123 2151 1161 et
2181 1118 2341 1162 collem
2379 1118 2567 1162 interius

316 1185 647 1237 assurgentem;
688 1185 734 1224 et
764 1180 839 1237 qui
871 1194 962 1224 non
991 1180 1137 1225 minus
1170 1180 1278 1225 dicit
1308 1195 1398 1225 uno
1429 1181 1607 1225 milliari
1637 1182 1912 1237 germanico,
1955 1182 1992 1226 is
2025 1196 2116 1226 non
2147 1190 2282 1239 negat
2311 1184 2456 1239 majus
2489 1183 2568 1228 ali-

316 1244 437 1302 quid,
469 1244 524 1290 de
555 1259 643 1302 quo
673 1251 867 1290 testatur
888 1247 1026 1291 visus.
1065 1248 1183 1291 Hinc
1207 1260 1311 1291 vero
1343 1247 1529 1291 aestima
1558 1246 1722 1291 molem
1753 1261 2004 1304 corporum,
2038 1250 2239 1304 quamvis
2260 1263 2348 1295 non
2371 1251 2428 1294 sit
2450 1263 2568 1294 com·

315 1312 517 1369 paranda
548 1311 641 1356 suis
671 1312 923 1368 montibus,
965 1319 1223 1357 nostrorum
1253 1319 1404 1358 tamen
1435 1327 1673 1369 corporum
1704 1313 1821 1357 mole
1851 1314 1992 1358 multo
2030 1315 2268 1371 majorem;
2313 1317 2481 1373 quippe
2513 1329 2571 1360 ex

317 1376 548 1434 operibus,
592 1390 707 1434 quae
737 1383 895 1423 nostra
924 1378 1210 1424 multitudine
1240 1377 1376 1435 longe
1408 1384 1641 1434 superant.
1703 1379 1851 1434 Atque
1880 1380 1926 1424 id
1958 1380 2091 1436 plane
2122 1381 2167 1424 in
2198 1380 2369 1437 Opticis
2399 1381 2432 1426 f.
2465 1381 2566 1427 250.

317 1455 374 1487 ex
405 1443 502 1488 sola
533 1443 867 1500 comparatione
898 1445 1115 1489 montium
1146 1445 1367 1490 lunarium
1400 1458 1499 1488 cum
1523 1444 1691 1488 nostris
1713 1456 1915 1488 asserere
1947 1458 2045 1490 sum
2068 1460 2220 1502 ausus,
2252 1445 2400 1490 verbis
2421 1445 2568 1491 hisce:

319 1510 485 1563 „Recte
516 1510 690 1555 Lunam
724 1525 750 1556 a
780 1510 1024 1555 Plutarcho
1054 1511 1144 1555 tale
1176 1525 1338 1566 corpus
1370 1510 1470 1567 dici,
1504 1510 1636 1566 quale
1668 1511 1808 1554 Terra
1839 1517 1922 1566 est,
1954 1512 2195 1568 inaequale
2225 1519 2570 1568 montosumque

316 1580 362 1620 et
389 1575 584 1631 majores
618 1577 797 1632 quidem
827 1581 1002 1621 montes
1033 1575 1080 1620 in
1109 1578 1403 1634 proportione
1434 1577 1491 1621 ad
1521 1591 1648 1621 suum
1680 1577 1875 1634 globum,
1910 1591 2043 1633 quam
2075 1584 2180 1622 sunt
2210 1579 2380 1622 terreni
2411 1578 2455 1621 in
2488 1589 2570 1622 sua

315 1641 618 1697 proportione.
685 1643 753 1687 Ac
782 1647 832 1686 ut
863 1656 960 1686 cum
993 1642 1238 1687 Plutarcho
1270 1644 1401 1688 etiam
1426 1643 1654 1700 jocemur:
1687 1644 1762 1700 qui
1796 1656 1934 1700 penes
1966 1657 2047 1687 nos
2080 1657 2164 1687 usu
2186 1645 2320 1689 venit.
2353 1650 2403 1689 ut
2429 1643 2572 1687 homi·

314 1719 395 1751 nes
428 1711 473 1750 et
502 1708 709 1752 animalia
746 1714 993 1765 sequantur
1021 1709 1246 1765 ingenium
1275 1715 1423 1754 terrae
1463 1723 1542 1754 seu
1571 1709 1830 1766 provinciae
1860 1721 1990 1764 suae,
2035 1714 2164 1753 erunt
2203 1709 2340 1761 igitur
2366 1710 2412 1753 in
2443 1710 2574 1754 Luna

316 1778 549 1819 creaturae
579 1774 802 1830 viventeS,
845 1775 986 1820 multo
1018 1775 1176 1832 majori
1206 1789 1446 1832 corporum
1476 1775 1594 1820 mole
1624 1780 2170 1832 temperamentorumque
2210 1775 2392 1833 duritie,
2437 1789 2572 1832 quam

315 1842 496 1882 nostra“
534 1845 619 1883 etc.

494 1905 562 1950 19.
597 1905 708 1950 Cum
739 1910 989 1961 appareant
1008 1906 1160 1952 fossae
1181 1909 1277 1964 (per
1297 1908 1439 1964 XXV)
1470 1921 1640 1965 eaeque
1672 1910 1762 1953 sint
1792 1907 2014 1953 factitium
2035 1907 2206 1963 aliquid
2228 1906 2326 1963 (per
2344 1906 2574 1964 XXVIII),

315 1969 592 2025 impossibile
624 1976 713 2026 est,
749 1984 824 2015 eas
857 1971 944 2014 alia
975 1974 1148 2018 ratione
1178 1973 1297 2029 fieri,
1330 1987 1462 2030 quam
1496 1974 1725 2028 egestione
1757 1974 1986 2018 materi‘ae.
2045 1973 2148 2018 Non
2178 1972 2411 2017 inveniunt
2442 1973 2572 2029 enim,

316 2035 392 2091 ubi
423 2035 655 2081 defodiant
684 2037 728 2081 in
759 2038 870 2094 ipsis
903 2038 1056 2086 alveis.
1109 2039 1182 2083 Ex
1212 2039 1402 2083 materia
1432 2040 1590 2096 nequit
1619 2039 1730 2085 nihil
1762 2039 1873 2096 fieri,
1907 2039 2022 2084 sicut
2053 2051 2109 2083 ex
2139 2037 2280 2082 nihilo
2313 2051 2387 2084 ars
2418 2038 2574 2096 nequit

316 2100 464 2147 facere
496 2101 665 2158 aliquid
698 2115 980 2158 corporeum.

489 2169 562 2214 20.
595 2169 693 2214 Hoc
725 2169 780 2213 de
810 2169 865 2214 iis
897 2171 1098 2215 cavernis
1130 2170 1190 2215 sit
1219 2184 1393 2226 verum,
1434 2185 1549 2229 quae
1590 2173 1765 2217 foveam
1798 2170 1997 2215 exterius
2039 2170 2256 2215 munitam
2286 2184 2374 2215 non
2407 2170 2574 2215 habere

315 2233 465 2291 aliquo
496 2234 623 2279 labro
654 2235 804 2280 lucido
836 2243 1090 2294 cernuntur,
1122 2244 1173 2282 ut
1204 2239 1261 2283 ad
1291 2240 1429 2283 XXX.
1461 2239 1642 2294 dictum,
1676 2242 1722 2281 et
1750 2237 1795 2282 in
1828 2238 2142 2282 observatione
2177 2237 2281 2282 anni
2305 2237 2431 2283 1623.
2465 2243 2572 2293 post

315 2301 523 2346 XXXIV.
585 2301 716 2357 Quod
758 2308 907 2346 autem
949 2303 1193 2348 introrsum
1225 2310 1381 2362 egesta
1413 2305 1472 2349 sit
1502 2305 1710 2361 materia,
1756 2304 1961 2360 sequitur
1999 2316 2055 2347 ex
2088 2303 2352 2360 apparentia
2393 2303 2572 2348 collium

319 2380 375 2411 ex
405 2366 544 2412 fundo
577 2368 931 2426 assurgentium,
966 2374 1012 2414 et
1041 2381 1097 2413 ex
1130 2369 1356 2415 axiomate
1385 2370 1715 2428 metaphysico‚
1756 2370 1876 2426 quod
1903 2369 2015 2413 nihil
2046 2369 2126 2414 fiat
2158 2370 2255 2415 sine
2286 2382 2436 2415 causa.
2497 2370 2572 2414 Fit

318 2439 468 2478 autem
498 2432 571 2477 hic
602 2433 793 2479 altitudo
823 2434 870 2479 in
899 2435 1047 2479 medio
1081 2447 1257 2490 caveae,
1291 2449 1399 2493 ergo
1432 2450 1485 2481 ea
1515 2449 1641 2480 suam
1672 2436 1810 2481 habet
1840 2449 2038 2481 causam.
2101 2435 2203 2478 Non
2236 2439 2305 2479 est
2334 2448 2439 2479 vero
2471 2449 2573 2492 pro·

317 2497 508 2542 habilior
537 2511 687 2553 causa,
721 2512 851 2555 quam
884 2500 1054 2556 egestio
1086 2500 1316 2551 materiae,
1350 2514 1468 2558 quae
1498 2501 1623 2557 prius
1656 2502 1917 2559 oppleverat
1946 2500 2115 2546 fossam
2143 2501 2332 2546 vicinam
2355 2514 2571 2558 apparen-

316 2567 408 2608 tem
440 2562 740 2611 circumcirca,
771 2577 856 2609 nec
887 2565 1019 2611 facile
1050 2566 1140 2611 alia
1169 2567 1335 2623 poterit
1367 2568 1627 2622 excogitari.

491 2629 562 2675 21.
595 2629 810 2686 Sequitur
839 2636 891 2675 ut
921 2645 1033 2687 quas
1066 2646 1279 2677 cavernas
1311 2633 1462 2677 amicit
1493 2633 1671 2678 labrum
1701 2632 1914 2687 lucidum,
1947 2633 1992 2678 in
2023 2633 2077 2677 iis
2108 2634 2325 2679 materiae
2356 2648 2462 2691 pars
2496 2647 2570 2678 ex-

316 2699 512 2741 trorsum
544 2696 604 2741 sit
633 2702 801 2751 egesta.
862 2698 986 2742 Haec
1017 2699 1134 2742 enim
1164 2699 1276 2743 illud
1308 2699 1456 2755 ipsum
1486 2698 1664 2743 labrum
1695 2697 1847 2742 efficit.
1909 2697 2069 2743 Totam
2103 2699 2331 2743 materiam
2365 2700 2571 2753 dicerem,

317 2761 356 2808 si
383 2775 529 2808 vacua
559 2767 680 2808 esset
709 2762 857 2818 fossa,
901 2764 938 2807 si
977 2778 1068 2808 non
1100 2770 1156 2808 ex·
1188 2765 1286 2820 ejus
1327 2763 1464 2808 fundo
1504 2769 1762 2819 assurgeret
1800 2764 1942 2809 collis.
2006 2764 2093 2810 Ubi
2125 2778 2232 2822 ergo
2275 2765 2403 2811 collis
2434 2766 2570 2823 intus,

319 2828 380 2875 ibi
410 2843 517 2887 pars
547 2831 682 2875 etiam
712 2831 955 2874 introrsum
989 2831 1109 2886 egeri
1139 2830 1353 2876 creditur.

491 2895 562 2940 22.
596 2894 779 2952 Duplex
810 2894 977 2939 vallum
1009 2897 1054 2940 in
1085 2896 1170 2952 his,
1204 2895 1323 2952 quia,
1356 2894 1476 2951 quod
1511 2894 1617 2947 dixi,
1651 2894 1825 2941 labrum
1848 2897 2048 2941 exterius
2071 2902 2141 2942 est
2172 2897 2365 2954 primum
2393 2897 2571 2954 vallum,

319 2961 440 3020 quod
471 2975 576 3007 vero
607 2963 853 3008 introrsum
884 2962 1100 3019 egeritur,
1144 2959 1311 3005 vallum
1354 2961 1406 3005 fit
1444 2973 1545 3004 non·
1574 2959 1726 3005 fossae
1764 2962 1978 3005 exteriori
2018 2962 2111 3019 (cui
2142 2964 2199 3008 ab
2241 2964 2360 3009 intra
2398 2962 2570 3008 nullum

319 3027 486 3073 eminet
515 3028 785 3085 periculum)
818 3027 896 3072 sed
926 3028 1114 3073 lacunae
1146 3028 1193 3072 in
1222 3026 1370 3070 medio
1402 3025 1613 3070 umbilico
1645 3026 1790 3071 collis.
2099 3040 2131 3079 0

489 3094 558 3140 23.
591 3093 870 3138 Profundam
902 3106 1004 3138 esse
1034 3093 1202 3137 fossam
1243 3092 1507 3144 admodum,
1553 3093 1684 3148 copia
1713 3098 1909 3137 testatur
1937 3092 2151 3137 materiae
2185 3099 2388 3149 egestae,
2433 3099 2484 3138 ut
2516 3106 2571 3138 ex

318 3174 407 3219 qua
438 3175 538 3205 cum
570 3161 767 3205 exterior
798 3172 936 3217 agger
966 3158 1163 3214 undique
1194 3158 1394 3202 ambiens
1427 3157 1673 3202 altitudinis
1703 3157 1904 3215 insignis,
1937 3165 2033 3204 tum
2062 3159 2251 3205 interior
2282 3161 2410 3206 collis
2441 3159 2572 3205 valde
2645 3203 2652 3209 ,

319 3233 363 3271 et
393 3227 406 3270 i
444 3240 491 3271 se
523 3240 630 3270 cons
666 3226 809 3271 icuus.

409 3241 438 3284 p
492 3294 563 3340 24.
595 3241 668 3337 E}
689 3292 1004 3338 observatione
1025 3290 1214 3335 XXVIIs
1246 3295 1291 3333 et
1323 3302 1378 3332 ex
1409 3288 1581 3333 ratione
1613 3289 1902 3333 construendi
1932 3291 2151 3335 hactenus
2176 3291 2385 3338 deducta.
2416 3291 2571 3335 Posito

320 3359 437 3403 enim
467 3359 578 3412 hoc,
621 3358 741 3416 quod
772 3358 873 3403 loca
905 3358 1053 3402 omnia
1083 3370 1110 3400 a
1140 3355 1245 3412 palo
1278 3355 1477 3411 undique
1508 3355 1810 3410 aequidistent
1838 3361 1883 3399 et
1914 3357 2035 3412 quod
2076 3357 2133 3401 ab
2168 3370 2254 3401 uno
2295 3356 2395 3400 loco
2429 3356 2572 3411 desig·

318 3430 423 3468 nato
456 3425 513 3469 ad
544 3425 679 3470 alium
712 3425 999 3469 continuetur
1027 3423 1163 3475 fossa,
1193 3422 1274 3467 fiet
1305 3422 1484 3466 omnino
1516 3421 1711 3465 circulus
1743 3435 1798 3466 ex
1830 3420 1968 3471 fossa,
2004 3435 2144 3477 quare
2177 3422 2311 3466 etiam
2334 3433 2389 3465 ex
2411 3433 2572 3476 aggere

321 3492 533 3535 exteriori
563 3505 709 3549 exque
739 3491 954 3548 interiori,
987 3496 1038 3535 ut
1069 3489 1248 3546 quidem
1281 3487 1336 3531 ad
1360 3501 1480 3532 num.
1503 3488 1575 3533 25.
1607 3489 1784 3530 moneo'.
1822 3486 1977 3531 Posita
2011 3487 2124 3531 enim
2149 3494 2358 3532 creatura
2388 3485 2573 3530 rationis

319 3557 538 3612 participe
571 3556 912 3614 quadamtenus,
941 3557 1037 3613 Jam
1068 3568 1158 3599 non
1191 3559 1260 3598 est
1293 3553 1348 3599 ab
1381 3553 1456 3597 illa
1487 3552 1634 3597 aliena
1663 3552 1776 3596 haec
1798 3551 2092 3596 funiculorum
2116 3552 2380 3608 aequalitas,
2411 3551 2457 3595 in
2481 3564 2572 3596 om-
2640 3580 2644 3581 ν

320 3633 399 3665 nes
429 3628 582 3678 partes
614 3629 919 3667 extensorum.

495 3686 562 3732 26.
595 3688 725 3732 Mens
756 3687 868 3731 nihil
900 3687 993 3743 agit
1023 3687 1208 3731 frustra.
1269 3685 1504 3729 Excavare
1543 3695 1650 3727 vero
1690 3682 1903 3727 verticem
1946 3681 2073 3727 collis
2110 3682 2254 3727 intimi
2285 3694 2368 3727 ceu
2398 3682 2571 3727 umbili-

335 3764 450 3805 cum,
481 3750 536 3796 de
568 3753 796 3808 superfluo
826 3753 1014 3809 videtur,
1049 3765 1147 3796 cum
1181 3765 1237 3796 ex
1268 3752 1368 3807 ipsa
1399 3749 1658 3806 aggestione
1687 3750 1900 3792 materiae
1933 3761 1989 3792 ex
2020 3748 2144 3792 fossa
2172 3747 2415 3791 introrsum
2438 3760 2573 3803 agger

322 3814 372 3860 in
403 3814 543 3860 altum
576 3829 780 3861 crescens
810 3817 1036 3873 relinquat
1066 3817 1186 3861 ultro
1219 3817 1427 3861 lacunam
1454 3816 1503 3860 in
1533 3819 1688 3859 centro
1720 3819 1771 3857 ut
1801 3815 1858 3858 ad
1889 3814 1964 3859 27.
1994 3827 2169 3857 moneo.

496 3882 568 3930 28.
600 3883 699 3928 Hoc
730 3898 908 3942 quoque
941 3883 1073 3932 nobis
1105 3883 1247 3929 dictat
1274 3881 1504 3929 terrestris
1534 3885 1689 3926 nostra
1719 3879 1980 3925 mechanica
2011 3885 2056 3924 et
2078 3878 2437 3924 architectonica.
2487 3878 2574 3923 Est

2623 4056 2642 4088 u
2625 3984 2641 4046 ἠν.
2629 3943 2641 3973 οη
2628 3827 2652 3905 3„-
2634 3800 2638 3806 -
