2652 4088
1069 1247 1471 1364 Lassus

16 1459 66 1508 ἑ
148 1465 209 1522 in
252 1466 460 1522 funere
515 1462 823 1535 reverendi
881 1463 1020 1535 viri,
1081 1464 1144 1521 D.
1191 1463 1262 1521 Μ.
1310 1462 1552 1522 Ulrici
1596 1460 1884 1535 Holpii‚
1945 1463 2196 1536 pastoris
2251 1463 2398 1522 Leo-

147 1553 453 1625 bergensis
514 1551 935 1624 vigilantissimi
1000 1552 1468 1627 fidelissimique,
1533 1552 1589 1608 et
1647 1550 1969 1609 vicinarum
2014 1551 2401 1612 Ecclesiarum

16 1658 18 1668 ·
53 1718 58 1723 ι
149 1641 494 1715 Inspectoris
531 1638 735 1716 (quem
768 1641 1062 1700 Decanum
1102 1635 1333 1713 dicunt)
1361 1639 1715 1710 dexterrimi,
1770 1636 1862 1698 16.
1900 1639 2016 1699 Cal.
2058 1641 2394 1700 Novembri-

578 1730 687 1786 bus
733 1730 828 1803 pie
874 1730 932 1787 in
981 1730 1208 1788 Christo
1256 1728 1517 1788 defuncti
1565 1743 1713 1785 anno
1769 1725 1948 1800 1591,

43 1844 54 1862 ⁸
146 1835 360 1884 Patrono
397 1848 487 1883 suo
526 1835 706 1897 optime
746 1833 805 1883 de
846 1849 898 1883 se
936 1836 1107 1883 merito
1146 1821 1311 1897 posuit
1347 1833 1442 1882 hoc
1478 1833 1702 1880 immensi
1741 1831 1890 1882 debiti
1927 1847 2133 1897 pensum
2171 1835 2399 1899 exiguum

757 1907 1066 1971 gratitudinis
1107 1908 1546 1969 observantiaeque
1583 1907 1778 1955 nomine

951 2044 1018 2104 M.
1068 2036 1336 2105 Joannes
1382 2033 1595 2119 Kepler

864 2137 1091 2196 Villanus,
1124 2137 1399 2194 Theologiae
1432 2137 1687 2184 Studiosus.

1058 2256 1172 2301 Item
1200 2255 1480 2302 Acclamatio

145 2330 223 2380 Ad
261 2330 309 2380 J.
348 2327 731 2400 Ulricum*)‚
785 2330 996 2381 defuncti
1034 2333 1238 2395 Filium,
1290 2349 1399 2383 cum
1437 2333 1580 2382 XIV.
1622 2331 1723 2382 Gal.
1763 2332 1955 2382 Martiis
1992 2334 2107 2382 anni
2145 2335 2393 2397 sequentis

181 2405 439 2469 Tubingae
476 2420 576 2455 una
612 2419 723 2456 eum
763 2411 827 2455 27
869 2405 978 2455 aliis
1013 2407 1276 2469 juvenibus
1313 2407 1662 2471 Philosophiae
1701 2406 1938 2470 Magister
1973 2409 2347 2457 renunciaretur.

1081 2534 1268 2581 Eccles:
1300 2535 1449 2579 XXX.

941 2603 1011 2648 De
1040 2601 1134 2646 filio
1165 2602 1358 2657 ingenue
1390 2601 1597 2646 educato.

144 2665 355 2712 Mortuus
387 2671 456 2712 est
485 2670 615 2724 pater
646 2667 745 2723 ejus
776 2670 822 2713 et
852 2668 982 2724 quasi
1010 2681 1101 2713 non
1133 2673 1202 2713 est
1230 2672 1458 2712 mortuus:
1500 2666 1688 2712 similem
1719 2666 1835 2712 enim
1864 2665 2046 2723 reliquit
2076 2666 2163 2713 sibi
2190 2670 2300 2725 post
2329 2679 2392 2713 se.

701 2846 828 2899 Apud
860 2845 1082 2898 Georgium
1116 2788 1527 2902 Grssiggerngbasschium,
1558 2846 1682 2887 Anno
1711 2847 1839 2889 1592.

1081 3123 1160 3173 Ad
1196 3124 1442 3177 lectorem.

491 3199 553 3247 Et
587 3195 735 3262 'gener
773 3203 821 3247 et
858 3202 1002 3247 natus
1036 3198 1226 3262 jussere
1264 3198 1393 3247 hunc
1429 3199 1596 3248 vivere
1634 3195 1901 3260 Lessum,

634 3271 764 3319 Dum
803 3276 987 3320 certant
1025 3286 1202 3334 magno
1241 3271 1431 3320 solvere
1465 3272 1650 3334 justa
1688 3273 1829 3333 patri.

491 3343 695 3393 Vectum
738 3345 884 3407 igitur
921 3347 1058 3407 segni
1096 3346 1287 3394 Numen
1328 3349 1617 3393 venerantur
1655 3342 1837 3404 Ase110,

633 3416 728 3479 Qui
766 3416 904 3480 legis,
943 3417 1072 3467 hunc
1110 3419 1305 3467 asinum
1336 3431 1433 3466 non
1471 3417 1672 3466 latuisse
1713 3417 1855 3465 seiae.

320 3600 364 3655 ⁸)
396 3604 459 3643 De
479 3603 640 3657 Holpio
671 3606 774 3646 haec
803 3610 942 3647 narrat
962 3605 1192 3660 Keplerus:
1226 3605 1290 3643 Ab
1321 3604 1490 3643 ineunte
1521 3607 1655 3643 aetate
1685 3603 1851 3643 fuerunt
1880 3603 2107 3644 adversarii
2127 3602 2269 3659 aliqui,
2300 3606 2391 3659 pri-

35 3694 38 3711 ,
76 3662 78 3667 '
146 3673 250 3712 mus,
283 3674 405 3714 quem
439 3664 635 3702 memoria
666 3667 798 3718 teneo,
830 3664 1077 3717 Holpius.
1133 3662 1293 3713 Holpio
1325 3674 1484 3701 meeum
1517 3662 1565 3701 de
1598 3662 1843 3702 eruditionis
1874 3664 2072 3716 opinione
2103 3663 2262 3704 occulta
2293 3676 2389 3705 con-

148 3721 294 3762 tentio.
358 3722 397 3759 ls
428 3732 493 3760 me
524 3721 744 3761 manifesto
775 3724 928 3775 oderat,
962 3736 1121 3763 mecum
1152 3723 1216 3761 bis
1248 3722 1470 3771 pugnavit,
1502 3718 1630 3759 semel
1663 3721 1909 3772 Leobergae,
1941 3722 2066 3762 semel
2099 3721 2388 3777 Mulprunnae.

147 3777 372 3832 Postquam
404 3780 465 3820 ibi
495 3779 610 3819 locus
641 3782 829 3832 superior
857 3783 960 3821 mihi
991 3783 1136 3832 cessit,
1180 3778 1379 3819 rediimus
1409 3780 1453 3818 in
1485 3779 1673 3829 gratiam.
1733 3779 1982 3833 Desperavit
2013 3782 2122 3821 enim
2154 3782 2386 3822 restitutio-

37 3846 39 3876 ῑ
82 3883 88 3889 ,
147 3847 242 3877 nem
273 3850 447 3890 cumque
477 3838 595 3890 prius
626 3850 785 3891 semper
814 3843 1023 3892 metueret,
1052 3843 1151 3891 Jam‚
1183 3837 1292 3877 sacto
1327 3836 1441 3890 quod
1471 3840 1694 3892 metuerat,
1728 3838 1864 3880 odisse
1896 3839 2020 3879 simul
2051 3841 2176 3892 atque
2205 3842 2386 3881 metuere

150 3893 284 3936 desiit.
336 3894 439 3951 (cfr.
472 3894 553 3936 vol.
585 3898 636 3939 V.
667 3908 709 3949 p.
741 3895 860 3950 481.)
