2652 4088
30 3083 34 3126 ⁴-
28 3015 33 3076 ,⁷.„
25 2701 34 3000 -Wffl-*-—
22 2465 30 2693 --φη-..ἣ
22 2384 27 2458 ..μ-ι

32 3329 38 3401 1

34 3467 39 3556 3

38 3676 42 3745 ἓ

1027 130 1063 178 1.
1094 130 1431 180 Mathematica.
1959 112 1963 117 ⁵
2250 124 2356 184 187

105 287 301 348 puncta.
375 283 588 347 Figurae
637 281 815 348 planae
867 299 924 334 ex
983 284 1125 334 lineis
1175 286 1396 349 proxime
1446 284 1680 334 oriuntur.
1768 280 2018 330 Distantia
2069 278 2224 328 omnis
2272 292 2359 342 per

10 374 13 383 ⁸
103 357 282 405 lineam
320 363 503 407 rectam
539 357 839 421 intelligitur.
915 357 1082 408 Lineis
1129 372 1279 408 causa
1329 358 1587 408 creationis
1635 354 1814 406 accidit
1852 367 2137 414 concursus,
2187 353 2357 413 se'cti0,

12 439 13 443 ’
54 436 57 438 ’
104 428 423 494 parallelitaS.

280 502 401 551 Cum
439 503 571 552 linea
608 510 935 554 transversum
974 503 1166 553 ducitur
1202 518 1289 567 per
1326 509 1507 552 certam
1546 502 1840 562 distantiam,
1882 506 1935 549 ut
1974 501 2164 550 interim
2201 499 2356 563 primo

104 577 218 624 situi
257 582 455 625 maneat
491 576 743 639 parallela,
783 583 998 627 creatum
1035 577 1236 641 planum
1275 576 1575 641 intelligitur.
1640 576 1802 625 Creati
1841 589 2007 624 omnes
2045 579 2157 623 sunt
2194 571 2359 637 paral-

102 648 424 712 lelogrammi.

277 721 458 772 Latera
496 728 610 771 sunt
646 722 807 772 lineae
845 723 1048 786 figuram
1077 723 1376 773 claudentes.
1426 721 1877 785 Parallelogrammi
1916 719 2070 768 latera
2097 724 2208 768 sunt
2235 733 2363 782 qua-

104 802 228 846 tuor.
300 795 425 844 Nam
465 794 561 843 duo
599 795 752 846 latera
789 803 1261 860 praesupponuntur,
1302 811 1452 846 unum
1476 810 1692 857 manenS,
1732 794 1940 843 altorum
1977 792 2047 840 illi
2074 793 2361 855 parallelum

105 874 179 916 est
218 865 431 919 ductum.
506 868 655 916 Ducti
705 870 907 919 secundi
953 876 1067 919 sunt
1117 877 1332 919 extrema
1380 875 1562 932 puncta
1611 874 1660 917 et
1695 874 1930 931 punctum
1982 865 2179 915 ductum
2230 870 2360 914 creat

104 941 299 991 lineam.
374 941 504 1003 Ergo
545 940 642 989 duo
681 950 861 1004 puncta
899 943 1091 992 fluentis
1128 943 1289 993 lineae
1326 957 1427 991 una
1463 942 1648 990 faciunt
1685 954 1840 989 novas
1881 939 2018 988 duas.

279 1012 463 1063 Lineae
514 1014 639 1063 duae
691 1022 880 1063 tantum
928 1016 1081 1065 semel
1119 1022 1426 1067 concurrunt.
1501 1011 1658 1064 Latus
1698 1012 1952 1076 quodlibet
1991 1012 2066 1059 bis
2105 1011 2360 1059 concurrit.

105 1087 218 1135 Duo
263 1086 421 1136 latera
466 1091 801 1137 concurrentia
845 1091 1031 1138 faciunt
1081 1089 1332 1152 angulum.
1408 1088 1565 1137 Plana
1620 1091 1692 1136 tot
1737 1086 1920 1135 habent
1968 1083 2202 1147 anguIOS,
2243 1088 2363 1146 quot

102 1160 269 1210 latera.

276 1231 485 1282 Videtur
522 1233 824 1296 parallelitas
863 1235 1005 1284 aliter
1053 1234 1350 1294 definienda,
1406 1248 1552 1297 quam
1603 1247 1687 1296 per
1734 1246 1831 1280 non
1881 1245 2190 1291 concursum,
2243 1229 2365 1278 nihil
2423 1244 2427 1248 ’

108 1308 232 1356 enim
271 1321 357 1369 per
394 1307 705 1370 negationem
743 1307 930 1356 definiri
968 1314 1147 1371 potest.
1197 1306 1472 1356 Parallelae
1511 1308 1657 1369 igitur
1696 1310 1823 1366 sunt,
1863 1307 1912 1352 in
1952 1305 2131 1367 quibus
2169 1305 2364 1366 signata

76 1432 80 1434 ,
110 1379 227 1429 bina
263 1386 444 1443 puncta
482 1380 866 1442 aequidistantia
901 1382 1096 1444 singula
1134 1383 1283 1430 etiam
1321 1381 1466 1429 unius
1490 1395 1522 1429 a
1546 1379 1752 1441 singulis
1792 1378 1989 1426 alterius
2017 1376 2362 1440 aequidistant.

279 1452 444 1502 Sectio
483 1460 569 1501 ant
609 1459 682 1502 est
720 1454 1133 1517 perpendicularis
1173 1459 1258 1503 aut
1295 1453 1543 1505 inclinata.
1620 1450 2202 1515 PerpendiculariS‚
2255 1464 2364 1499 cum

103 1528 238 1589 regio
276 1540 422 1589 super
458 1532 638 1574 rectam
677 1542 763 1590 per
800 1527 1090 1577 incidentem
1129 1529 1179 1574 in
1220 1533 1249 1575 2
1290 1527 1519 1590 aequalia
1559 1526 1806 1586 dividitur,
1845 1525 1924 1574 vel
1963 1525 2096 1586 regio
2134 1538 2282 1586 supra
2315 1529 2364 1572 et

104 1599 227 1648 infra
263 1607 443 1648 rectam
482 1601 530 1646 in
571 1605 602 1648 4
641 1601 870 1663 aequalia
906 1616 993 1664 per
1030 1606 1294 1652 secantem.
1343 1600 1624 1663 Spatiorum
1663 1598 1855 1647 illorum
1896 1597 2151 1660 quodlibet
2191 1595 2366 1646 dicitur

107 1673 314 1735 angulus
340 1679 514 1720 rectus.
553 1671 605 1737 (2
633 1672 711 1732 R„
754 1679 783 1722 4
814 1671 891 1739 R.)
950 1671 1018 1724 In
1040 1674 1316 1733 clinata,
1359 1688 1466 1722 cum
1495 1673 1731 1721 dividitur
1767 1674 1817 1719 in
1846 1670 2127 1734 inaequalia
2151 1671 2365 1734 spatium

105 1761 251 1810 supra
288 1753 484 1794 rectam.
562 1745 781 1795 Obtusus
819 1749 989 1810 major,
1031 1754 1205 1797 acutus
1242 1749 1400 1796 minor
1436 1752 1585 1797 rect0.

274 1818 740 1882 Parallelogramma
784 1820 970 1871 habent
1019 1827 1230 1884 quatuor
1267 1827 1441 1870 rectos,
1519 1820 1644 1870 Nam
1685 1824 1895 1883 quatuor
1946 1819 2207 1867 exteriores
2244 1815 2367 1866 fiunt

26 1903 27 1906 ’
106 1893 412 1941 interioribus
451 1898 498 1940 et
537 1895 777 1956 oppositis
817 1894 1074 1957 aequaleS,
1115 1908 1229 1957 ergo
1270 1894 1568 1956 conjunctim
1608 1895 1869 1943 exteriores
1909 1897 2023 1940 sunt
2060 1890 2366 1940 interioribus

105 1966 399 2029 conjunctim
438 1967 688 2028 aequaleS.
764 1967 827 2014 Et
863 1971 1077 2031 spatium
1118 1981 1260 2017 omne
1299 1969 1427 2016 circa
1466 1966 1562 2016 duo
1600 1972 1783 2029 puncta
1833 1965 1956 2014 infra
1995 1971 2043 2013 et
2082 1964 2178 2012 duo
2217 1978 2366 2026 supra

103 2038 283 2088 lineam
336 2038 538 2087 alteram
584 2042 632 2087 in
673 2041 904 2102 aequalia
943 2041 1154 2090 divisum
1188 2047 1285 2101 est,
1339 2054 1545 2103 quorum
1598 2055 1746 2088 unum
1796 2045 1910 2087 sunt
1959 2038 2127 2101 anguli
2174 2037 2364 2098 interni,

106 2110 309 2162 alterum
351 2114 549 2160 externi.
627 2112 706 2160 Ad
746 2113 928 2163 dictum
967 2116 1177 2178 spatium
1216 2119 1328 2162 sunt
1368 2118 1397 2162 8
1438 2115 1582 2172 recti,
1622 2113 1723 2162 bini
1769 2114 1896 2162 circa
1935 2111 2131 2175 singula
2167 2116 2364 2172 puncta,

111 2199 314 2248 quorum
363 2191 476 2233 sunt
517 2191 565 2235 4.
643 2187 772 2249 Ergo
822 2188 1075 2236 dimidium
1122 2194 1235 2236 sunt
1275 2192 1307 2236 4
1345 2188 1482 2237 recti.
1561 2185 1732 2236 Omnis
1776 2185 2222 2250 parallelogrammi
2273 2198 2365 2233 an-

110 2258 213 2323 guli
252 2259 465 2323 oppositi
503 2264 618 2308 sunt
655 2261 889 2323 aequales
929 2268 976 2311 et
1012 2261 1167 2311 latera
1207 2262 1434 2326 opposita
1472 2260 1718 2324 aequalia.

690 2395 985 2442 Hactenus
1023 2396 1269 2451 creatae;
1304 2394 1421 2451 jam
1457 2395 1530 2441 de
1570 2395 1759 2441 sectis.

279 2486 495 2550 Singulis
536 2488 711 2536 creatis
750 2486 1016 2536 adhaerent
1054 2487 1171 2536 bina
1208 2493 1343 2537 secta
1380 2487 1622 2551 aequalia.
1701 2487 1825 2538 Sunt
1864 2485 2121 2548 triangula..
2187 2484 2365 2534 Tribus

105 2559 340 2610 lateribus
375 2562 609 2623 pauciora
645 2560 782 2609 nulla
821 2560 978 2623 figura
1015 2560 1264 2610 rectilinea
1300 2561 1481 2611 habere
1519 2567 1698 2625 potest.
1766 2561 1965 2610 Habent
2003 2569 2098 2609 tres
2138 2559 2364 2622 angulos,

108 2633 336 2696 aequales
364 2634 554 2682 duobus
580 2636 741 2683 rectis,
795 2633 920 2682 Nam
957 2635 1175 2697 ipsorum
1200 2641 1304 2684 tota
1330 2634 1513 2683 habent
1552 2640 1582 2684 4
1610 2641 1768 2683 rectos
1792 2634 2040 2697 aequaleS.
2109 2633 2173 2682 At
2198 2646 2365 2682 omnes

110 2708 157 2754 in
196 2712 226 2756 2
267 2707 511 2769 triangula
559 2707 818 2757 distributi.
894 2707 1022 2770 Ergo
1075 2708 1191 2756 bina
1244 2708 1489 2770 triangula
1538 2707 1721 2758 habent
1762 2715 1786 2756 4
1830 2716 2004 2758 rectos,
2084 2706 2200 2756 Jam
2250 2719 2365 2755 vero

109 2786 220 2829 sunt
256 2780 485 2842 aequalia
523 2787 572 2829 et
607 2781 802 2841 similia,
842 2795 957 2843 ergo
996 2781 1267 2843 aequaliter
1293 2784 1567 2844 partiuntur
1594 2787 1625 2831 4
1653 2784 1795 2831 rectis
1824 2782 2103 2844 habentque
2134 2785 2162 2828 2
2191 2785 2365 2829 rectoS.

281 2851 437 2902 Omne
487 2854 781 2917 triangulum
832 2869 944 2917 pars
993 2851 1212 2917 generati
1264 2855 1724 2918 parallelogrammi.
1816 2855 2005 2914 Causa,
2065 2856 2182 2916 quia
2234 2853 2366 2900 omni

110 2926 350 2988 triangulo
387 2927 546 2976 simile
587 2927 690 2975 dari
735 2934 898 2990 potest
936 2933 985 2975 et
1022 2928 1243 2990 aequale.
1320 2928 1433 2976 Duo
1481 2930 1629 2991 igitur
1673 2927 1919 2992 applicata
1968 2926 2164 2989 aequali
2212 2924 2364 2974 latere

108 2999 314 3063 angulos
341 3001 592 3063 oppositos
619 3001 801 3049 faciunt
826 2999 1057 3063 aequales
1082 3007 1136 3048 ut
1160 3015 1323 3063 supra,
1346 3016 1495 3064 quare
1523 3003 1822 3051 constituunt
1839 3000 2364 3063 parallelogrammum.

280 3072 497 3122 Veniunt
549 3074 793 3136 triangula
831 3088 888 3122 ex
941 3073 1234 3136 rectangulis
1290 3076 1600 3137 rectangula‚
1653 3089 1710 3123 ex
1751 3074 1991 3137 quadrato
2031 3070 2365 3134 rectangulum

29 3136 35 3210 3
108 3145 360 3207 isosceles,
406 3161 464 3195 ex
504 3146 708 3195 rhombo
746 3145 828 3195 vel
869 3146 1247 3207 obtusangulum
1286 3147 1515 3196 isosceles
1554 3148 1783 3196 connexis
1823 3145 2014 3209 angulis
2054 3146 2247 3206 longius
2288 3144 2364 3192 di—

30 3216 34 3263 3
109 3219 378 3279 stantibus,
424 3218 504 3268 vel
543 3218 890 3283 acutangulum
930 3219 1185 3278 isosceles,
1241 3221 1472 3268 connexis
1520 3221 1841 3283 propioribus,
1920 3220 1991 3266 Ex
2031 3224 2162 3266 certa
2199 3217 2364 3280 specie

30 3293 35 3311 ¹
110 3290 312 3351 rhombi,
352 3291 721 3354 aequilaterum.
798 3291 869 3338 Ex
908 3290 1238 3339 rhomboidesi
1279 3291 1571 3353 quibusdam
1616 3291 1915 3355 aeutangula
1962 3289 2188 3351 isoscele,
2244 3304 2365 3340 con-

110 3367 246 3414 nexis
282 3365 606 3427 propioribus,
647 3378 705 3412 ex
743 3362 1071 3412 rhomboidesi
1109 3362 1218 3411 aliis
1257 3365 1410 3414 varia.

285 3435 524 3486 Omnibus
551 3435 805 3499 triangulis
840 3435 934 3484 hoc
970 3437 1109 3495 inest,
1150 3436 1281 3497 quod
1320 3436 1493 3499 majori
1532 3435 1713 3500 angulo
1740 3436 1897 3496 maJus
1921 3435 2049 3485 latus
2087 3437 2362 3500 opponitur

114 3507 481 3573 Aequilaterum
519 3510 667 3571 igitur
705 3515 779 3557 est
817 3514 962 3557 etlam
1001 3508 1395 3571 aequiangulum

909 3641 1153 3698 Figurae
1191 3641 1556 3698 compositae.

289 3733 589 3796 Compositio
630 3738 704 3781 est
742 3747 800 3781 ex
840 3732 1115 3795 triangulis;
1158 3734 1210 3781 fit
1249 3735 1439 3796 quoties
1473 3740 1502 3783 2
1531 3735 1772 3798 triangula
1811 3749 1908 3784 uno
1946 3735 2097 3785 latere
2135 3736 2364 3800 aequalia

117 3812 526 3870 coagmentantur.
590 3803 688 3854 Ubi
728 3805 845 3854 ordo
886 3807 1239 3855 commissionis
1268 3806 1489 3855 diversus
1528 3808 1684 3868 fuerit,
1726 3807 1918 3858 diversa
1941 3808 2061 3858 fiunt
2086 3824 2116 3859 a
2139 3811 2364 3873 superio-

40 3867 43 3957 '3
116 3880 272 3943 ribus,
321 3879 537 3943 trapezia
574 3877 711 3930 fiunt.
787 3878 844 3927 In
883 3879 1176 3944 rectangulis
1216 3885 1264 3929 et
1302 3881 1640 3945 obtusangulis
1680 3881 1797 3931 ordo
1837 3883 2010 3933 inverti
2048 3897 2146 3933 non
2184 3889 2361 3950 potest,
