2652 4088
301 143 371 198 17
375 143 407 198 6
887 138 1171 187 collectanea
1202 153 1260 186 ex
1290 140 1522 186 codicibus
1551 139 1943 187 Pulkoviensibus.

301 292 572 349 terminari,
612 289 725 337 hinc
762 288 971 338 nobilior
1007 290 1215 353 sphaera
1252 290 1440 337 infinita
1478 287 1784 352 quantitate).
1859 287 1989 335 Hinc
2024 302 2121 336 una
2159 294 2232 336 est
2267 286 2422 350 figura
2459 302 2541 336 ca-

302 379 432 413 vum.
512 362 711 409 Creatur
749 363 896 423 igitur
934 377 985 410 se
1023 364 1131 425 ipsa
1168 362 1249 410 vel
1289 364 1505 424 ingenita
1543 377 1602 411 ex
1641 378 1709 412 se.

474 434 712 482 Punctum
753 437 916 496 origo,
969 434 1246 498 superficies
1290 436 1455 497 genita
1492 437 1658 497 quasi,
1712 435 1987 483 charactere
2036 433 2203 495 puncti
2242 432 2427 480 infinito
2468 432 2546 481 vel

303 521 557 570 progressu
586 506 686 566 tali,
728 509 796 554 sic
822 514 1000 567 tamen,
1029 514 1082 554 ut
1108 509 1370 570 vestigium
1397 521 1492 554 non
1520 511 1727 570 supersit
1753 508 1996 563 transitus,
2034 504 2118 552 sed
2145 511 2334 552 tantum
2359 513 2544 567 metae3

302 579 572 642 aequalitas
612 579 894 639 distantiae,
937 594 994 626 ex
1033 587 1239 642 utroque
1278 579 1544 643 procedens
1571 587 1618 628 et
1641 580 1895 628 resultans.
1947 577 2063 624 Tria
2088 592 2235 624 unum
2261 585 2396 637 sunt,
2435 593 2547 626 nam

300 666 590 715 quocunque
629 659 837 714 negat0,
890 658 1045 699 totum
1084 659 1302 714 negatur,
1344 659 1391 700 et
1430 655 1591 700 omnia
1628 656 1720 700 tria
1759 666 1843 715 per
1879 650 2066 712 reliqua
2103 649 2199 699 duo
2241 650 2545 699 definiuntur.

300 725 423 773 Item
465 725 654 772 duobus
693 726 911 786 negatiS‚
966 727 1160 773 tertium
1198 725 1373 772 nullibi
1423 726 1664 785 subsistit,
1718 724 1796 772 vel
1834 738 1932 771 uno
1971 729 2175 784 negate,
2223 723 2411 786 reliqua
2450 724 2544 772 duo

300 804 520 861 pereunt.
598 797 652 846 Si
691 804 949 859 punctum,
990 812 1084 845 non
1125 800 1214 846 erit
1252 800 1566 846 circumstans
1604 813 1693 846 nec
1731 796 2002 859 aequalitas
2042 795 2329 856 distantiae,
2381 798 2423 844 si
2460 811 2547 845 ae-

300 871 457 933 qualis
497 869 741 930 distantia,
782 869 989 932 sphaera
1027 885 1124 917 non
1151 873 1240 919 erit
1265 870 1507 933 aequalis3
1547 872 1587 917 si
1615 873 1810 918 omnino
1839 869 2081 930 distantia,
2109 869 2229 916 nihil
2257 871 2368 931 erit3
2408 868 2547 918 deni-

299 958 395 1006 que
433 945 476 991 si
515 945 845 1002 circumstans„
888 942 1116 991 distantia
1154 946 1278 1008 perit
1316 953 1364 992 et
1400 950 1630 1007 punctum
1675 941 1836 1006 perdit
1872 943 2033 990 situm.

471 1015 722 1065 Hactenus
769 1015 889 1063 nihil
941 1015 1142 1078 dictum,
1198 1016 1329 1080 quod
1376 1030 1472 1064 non
1511 1029 1564 1064 se
1615 1017 1722 1080 ipso
1760 1014 1842 1065 vel
1880 1029 1939 1063 ex
1977 1016 2130 1078 primo
2179 1014 2304 1062 libro
2345 1015 2548 1077 cogitari

297 1091 454 1154 possit
493 1095 540 1139 et
578 1089 659 1138 vel
700 1098 832 1137 extra
869 1088 1116 1137 mundum.

1128 1208 1212 1253 De
1252 1209 1384 1253 ortu
1419 1209 1720 1254 rectarum.

471 1304 573 1354 Nec
615 1311 851 1366 creantur,
891 1320 980 1354 nec
1019 1307 1335 1354 terminantur
1372 1320 1423 1354 se
1462 1307 1597 1369 ipsiS.
1663 1305 1911 1353 Distantia
1950 1307 2104 1353 omnis
2143 1319 2227 1370 per
2265 1305 2418 1354 lineas
2457 1311 2545 1354 est.

300 1378 559 1428 Rectarum
599 1381 691 1427 tria
729 1394 930 1441 genera:
971 1379 1185 1442 longum,
1224 1379 1390 1439 latum,
1430 1377 1735 1442 protundum.

473 1452 546 1500 Ex
596 1459 775 1518 puncto
825 1452 1058 1516 sphaerae
1109 1454 1158 1499 in
1197 1460 1428 1516 punctum
1479 1466 1626 1499 unum
1674 1450 1945 1515 superficiei
1996 1451 2223 1514 trajectus
2275 1453 2547 1514 vestigatus

300 1525 629 1585 brevissimus,
669 1525 799 1573 linea
829 1531 961 1574 recta
987 1524 1054 1574 fit.
1107 1525 1293 1573 Cavum
1321 1524 1556 1588 sphaerae
1585 1539 1794 1585 assum0,
1836 1529 1889 1571 ut
1913 1524 2179 1572 habeamus
2218 1527 2363 1572 situm
2390 1538 2544 1589 punc-

295 1603 467 1657 torum,
509 1613 683 1647 cavum
711 1612 826 1646 vero
851 1612 912 1647 ne
942 1597 1178 1658 videatur,
1220 1597 1283 1646 ad
1308 1597 1485 1646 lineam
1514 1597 1823 1660 cogitandam
1849 1599 2105 1659 requiritur
2132 1599 2345 1660 cogitata
2371 1611 2542 1660 super-

304 1669 436 1719 ficies
476 1678 562 1719 aut
600 1685 787 1734 corpus,
831 1685 955 1732 quae
994 1671 1172 1719 lineam
1211 1672 1470 1733 excipiant.
1534 1669 1816 1733 Respondet
1854 1671 2000 1732 igitur
2039 1673 2217 1719 creatio
2258 1671 2422 1720 lineae
2453 1683 2544 1734 ge-
2576 1731 2579 1733 ,
2626 1670 2631 1677 ’

299 1745 539 1791 nerationi
576 1745 768 1806 puncti,
818 1751 873 1791 ut
909 1743 1109 1791 finitum
1135 1743 1339 1791 infinito.
1417 1743 1717 1791 Concurrunt
1767 1744 1913 1805 igitur
1950 1742 2011 1792 ad
2052 1749 2209 1791 ortum
2244 1744 2405 1794 lineae
2441 1742 2566 1810 sing
2644 1752 2645 1756 ’

297 1815 414 1878 gula
453 1818 500 1864 in
551 1816 781 1879 sphaera:
834 1824 1095 1879 punctum,
1148 1818 1296 1865 centri
1332 1817 1647 1879 principium,
1699 1822 1931 1879 punctum
1980 1818 2114 1865 curvi
2153 1819 2414 1882 terminus,
2465 1813 2569 1868 ‹li-0.

301 1890 495 1950 stantia,
534 1904 621 1952 pro
661 1889 974 1952 producenda
1014 1896 1062 1938 et
1100 1889 1410 1938 essentianda
1460 1889 1605 1938 linea.
1682 1889 1836 1953 Igitur
1874 1903 1969 1937 non
2009 1904 2061 1938 se
2108 1891 2242 1952 ipsas
2289 1890 2548 1940 terminant

297 1969 473 2023 rectae,
514 1977 602 2011 nec
641 1964 803 2010 statim
845 1964 1000 2010 omnis
1039 1969 1170 2010 recta
1209 1962 1363 2024 figura
1403 1970 1490 2013 est.

476 2035 839 2097 Dubitabimus,
880 2050 940 2083 an
980 2035 1109 2084 linea
1136 2037 1182 2082 in
1210 2035 1478 2098 superficie,
1519 2033 1795 2098 superficies
1823 2035 1871 2082 in
1899 2049 2097 2098 corpore
2121 2036 2184 2083 sit
2210 2034 2542 2098 intelligenda,
2615 2034 2630 2055 ⁸

298 2123 360 2158 an
398 2107 542 2170 linea,
580 2108 874 2171 superficieS,
916 2123 1088 2172 corpus
1128 2109 1321 2171 singula
1358 2123 1442 2171 per
1480 2107 1570 2156 se‘?
1632 2106 1740 2156 Hoc
1778 2109 1932 2170 magis
1970 2108 2147 2172 placet.

473 2181 562 2230 De
603 2183 994 2244 compositis.
1047 2181 1331 2244 Composita
1368 2181 1701 2244 intelligimuS,
1742 2195 1944 2244 quorum
1985 2182 2149 2244 anguli
2178 2195 2343 2230 omnes
2383 2180 2546 2229 distri-

299 2256 405 2303 buti
443 2261 557 2303 sunt
595 2257 719 2304 inter
758 2253 962 2317 angulos
1002 2254 1350 2317 triangulorum
1390 2256 1781 2317 componentium
1821 2260 1868 2303 et
1906 2256 2134 2303 vicissim.
2193 2253 2546 2316 Quadi-angula
2626 2279 2630 2282 ·

302 2329 466 2377 omnia
506 2330 730 2391 quamvis
771 2327 1026 2376 videantur
1065 2327 1160 2376 huc
1186 2328 1347 2377 referri
1373 2342 1535 2390 posse,
1575 2334 1736 2376 tamen
1762 2327 2015 2390 triangulis
2042 2328 2203 2390 priora
2231 2334 2358 2389 sunt,
2398 2341 2546 2390 quare
2604 2326 2612 2339 ⁸

298 2403 473 2461 missis,
515 2416 640 2464 quae
678 2402 899 2465 generari
936 2406 1142 2463 possunt
1180 2415 1236 2450 cx
1274 2401 1514 2449 similibus
1541 2403 1811 2464 composita
1848 2400 2117 2463 triangulis,
2157 2402 2362 2463 primum
2401 2401 2544 2449 nobis

302 2475 621 2536 compositum
669 2473 983 2537 suppeditant
1037 2474 1153 2522 bina
1203 2473 1446 2537 triangula
1484 2473 1764 2535 dissimilia,
1818 2488 1914 2522 uno
1963 2473 2114 2523 latere
2154 2488 2328 2536 aequa.
2404 2471 2545 2523 Unde
2614 2478 2615 2482 ’

303 2547 447 2595 nobis
486 2549 768 2610 trapezium,
809 2546 939 2613 quod
980 2545 1172 2608 quidem
1210 2561 1306 2595 non
1347 2546 1539 2595 videtur
1576 2547 1638 2595 ad
1663 2548 1978 2610 geometriam
2017 2548 2087 2595 sic
2124 2546 2408 2610 simpliciter
2432 2560 2545 2610 per-

306 2622 474 2681 tinere,
513 2622 607 2668 nisi
647 2619 789 2680 illud,
839 2618 969 2682 quod
1009 2619 1188 2668 circulo
1224 2626 1386 2683 potest
1424 2621 1632 2669 inscribi.
1711 2619 1829 2669 Post
1868 2618 2311 2683 quinquangulum,
2364 2634 2542 2668 sexan-

302 2693 470 2756 gulum
510 2698 558 2741 et
595 2707 750 2755 usque
789 2694 838 2739 in
875 2691 1128 2740 infinitum.

471 2764 663 2828 Regula
687 2764 949 2828 generalis:
991 2766 1261 2827 composita
1284 2766 1446 2812 omnia
1472 2769 1544 2813 tot
1568 2764 1750 2814 habent
1776 2765 2033 2828 triangula,
2076 2772 2193 2828 quot
2220 2764 2337 2829 (duo
2364 2762 2540 2832 minus)

302 2837 470 2887 latera.
533 2835 669 2888 Inest
706 2839 826 2887 haec
863 2837 1149 2899 differentia,
1190 2837 1319 2899 quod
1358 2839 1408 2885 in
1445 2837 1649 2899 singulis
1689 2839 1942 2900 speciebus
1970 2853 2116 2886 unum
2157 2841 2282 2887 inest
2319 2837 2543 2902 aequila-

301 2918 454 2961 terum
495 2917 543 2961 et
579 2911 972 2974 aequiangulum,
1013 2925 1138 2973 quae
1178 2913 1322 2959 etiam
1363 2925 1474 2958 vere
1513 2912 1808 2971 geometrica
1845 2918 1984 2972 sunt,
2025 2911 2267 2974 quaedam
2306 2926 2420 2960 vero
2460 2917 2544 2960 aut

300 3000 398 3033 non
438 2983 738 3047 aequilatera
786 2990 872 3032 aut
907 2998 1004 3032 non
1038 2983 1390 3046 aequiangula,
1444 2991 1529 3031 aut
1564 2990 1814 3044 neutrum,
1863 2986 1911 3031 in
1951 2987 2126 3047 quibus
2166 2985 2376 3032 infinitas
2415 2986 2541 3033 inest

300 3058 547 3106 infinities.
623 3057 762 3106 Haec
799 3072 894 3106 non
934 3062 1046 3106 sunt
1083 3070 1195 3105 vere
1233 3058 1541 3119 geometrica,
1582 3070 1707 3118 quae
1747 3062 1820 3105 est
1859 3056 1917 3106 de
1956 3057 2271 3121 aequalibuS,
2310 3057 2384 3106 his
2425 3071 2539 3106 vero

303 3127 628 3193 inaequalitas
667 3133 806 3179 inest.
2197 3151 2202 3158 ·

477 3201 731 3266 Trianguli
768 3204 920 3251 tribus
960 3202 1100 3252 lineis
1139 3202 1279 3263 datis,
1319 3203 1462 3250 unica
1489 3207 1675 3249 tantum
1704 3201 1857 3263 figura
1884 3209 1931 3251 et
1958 3218 2054 3252 una
2079 3203 2365 3267 angulorum
2390 3204 2543 3253 forma

304 3275 456 3326 datur.
537 3276 601 3324 At
639 3278 688 3323 in
726 3276 926 3339 reliquis
963 3278 1174 3325 minime.
1248 3275 1406 3324 Plana
1443 3274 1623 3323 habent
1661 3275 1861 3323 totidem
1902 3277 2107 3338 angulos
2148 3284 2266 3339 quot
2303 3276 2473 3327 latera.

475 3348 789 3410 Regularium
828 3349 1022 3411 singuli.
1101 3348 1323 3412 Angulus
1363 3346 1590 3410 trianguli
1629 3354 1702 3396 est
1726 3347 1761 3416 ξ
1787 3350 1916 3408 recti,
1958 3349 2278 3413 quadranguli
2309 3355 2333 3398 1
2365 3356 2539 3410 rectus,

302 3422 509 3484 angulus
549 3422 900 3485 quinquanguli
945 3442 1004 3462 =
1041 3422 1105 3491 1}
1130 3437 1191 3482 r.,
1232 3421 1486 3484 sexanguli
1528 3418 1591 3487 1}
1631 3435 1699 3484 r.,
1740 3423 1985 3485 octanguli
2028 3423 2119 3491 123,
2161 3422 2415 3485 decanguli
2458 3422 2541 3492 1},

305 3494 658 3557 duodecanguli
696 3494 776 3564 13,
817 3494 1127 3558 sedecanguli
1170 3495 1250 3563 12,
1290 3492 1615 3557 vigintanguli
1658 3490 1738 3561 lg,
1781 3499 1847 3542 24
1887 3495 2054 3559 anguli
2098 3494 2164 3566 1}
2189 3531 2200 3543 .
2229 3531 2241 3543 .
2281 3497 2350 3544 sic
2387 3509 2539 3559 usque
2598 3540 2601 3546 .

303 3569 353 3615 in
390 3568 643 3616 infinitum.

478 3640 810 3702 Comparatio:
850 3639 1005 3689 Recta
1043 3639 1202 3688 adhuc
1227 3641 1296 3688 ita
1320 3639 1526 3699 fuerunt,
1566 3644 1620 3686 ut
1646 3652 1703 3686 ex
1729 3646 1908 3701 puncto
1946 3639 2090 3700 linea,
2132 3655 2188 3689 ex
2215 3640 2344 3690 linea
2367 3656 2538 3704 super-

306 3711 440 3761 ficies
477 3714 677 3762 seorsim
717 3719 821 3761 orta
859 3716 934 3761 sit.
1014 3711 1062 3777 1)
1100 3712 1258 3761 Mixta
1295 3712 1476 3761 habent
1513 3710 1665 3772 aliter,
1708 3714 1822 3773 quia
1859 3713 2002 3761 simul
2041 3715 2253 3762 existunt
2289 3712 2418 3762 linea
2445 3716 2538 3762 cir·
2575 3741 2582 3772 ;
2622 3703 2625 3715 ”

309 3784 481 3833 cularis
521 3793 568 3834 et
607 3786 712 3848 ejus
747 3785 962 3848 planum.
1042 3783 1092 3839 2)
1129 3785 1284 3834 Recta
1321 3784 1473 3832 multa
1511 3790 1636 3843 sunt,
1677 3798 1877 3833 curvum
1915 3800 2080 3835 unum.
2157 3787 2208 3850 3)
2238 3785 2389 3835 Recta
2427 3786 2536 3834 aliis
2590 3825 2597 3829 .

305 3857 624 3923 regulariora,
670 3872 870 3912 curvum
919 3858 1345 3923 regularissimum.
1419 3856 1573 3907 Recta
1617 3855 1799 3907 habent
1844 3857 1996 3908 multa
2039 3855 2204 3909 latera
2229 3864 2277 3908 et
2314 3859 2538 3926 anguIOS,
