2652 4088
766 125 914 174 Notae
942 125 987 172 in
1018 124 1247 173 Somnium
1275 123 1651 173 Astronomicum.
1677 139 1684 148 ·
1867 140 1869 142 ·
2274 119 2344 178 41

85 276 258 338 placuit
293 274 403 321 mihi
438 275 700 333 profecturo
736 274 784 320 in
822 275 1000 321 Lunam
1052 273 1334 333 potissimum
1364 285 1421 319 ex
1452 272 1654 319 Islandia
1691 273 1878 320 solvere.
1937 273 2086 332 Major
2114 272 2250 332 hujus
2279 273 2347 319 in-

93 345 220 391 sulae
251 341 578 389 commendatio
610 340 696 386 fuit
725 353 753 386 a
782 342 1039 387 narratione
1069 341 1297 398 Tychonis
1332 338 1512 397 Brahei,
1546 339 1602 384 de
1632 352 1721 398 qua
1750 340 1883 388 infra.
1929 341 2028 387 Nec
2057 340 2171 386 nihil
2199 340 2348 397 potuit

86 409 342 457 recordatio
379 407 584 454 lectionis
623 406 842 452 historiae
884 408 939 452 de
978 407 1293 453 hibernatione
1333 405 1662 450 Hollandorum
1699 405 1747 449 in
1788 405 1965 462 glaciali
1993 407 2122 453 Nova
2153 405 2346 462 Sembla‚

90 489 208 533 quae
250 480 295 520 et
324 475 424 531 ipsa
462 473 657 530 plurima
693 474 882 530 praehet
920 473 1136 519 exercitia
1174 472 1479 519 astronomica
1518 486 1546 518 a
1582 484 1654 517 me
1692 472 1914 518 translata
1952 473 1999 518 in
2033 471 2349 518 Astronomiae

86 542 268 587 Partem
300 539 506 597 Opticam
536 552 654 584 anno
689 540 817 586 1604.

264 609 309 655 3.
339 608 392 652 In
421 606 703 652 habitatione
732 619 856 663 mea,
897 620 988 664 qua
1028 606 1191 652 utebar
1230 618 1287 651 ex
1329 605 1623 652 concessione
1652 603 1839 650 Martini
1867 603 2122 661 Bacchatii,
2160 602 2350 649 rectoris

89 674 347 721 academiae
378 673 637 729 carolinae,
678 672 907 729 pendebat
935 673 993 718 ad
1022 673 1239 729 parietem
1272 671 1429 717 charta
1459 670 1760 730 geographica
1789 670 2002 727 Europae
2033 674 2268 727 pervetus,
2304 668 2352 714 in

92 755 183 797 qua
220 738 487 784 vocabulum
515 737 658 784 Fiolx
686 737 912 782 Islandiae
950 737 1063 782 locis
1102 738 1379 796 adscriptum
1422 742 1533 783 erat.
1593 736 1647 780 Id
1688 734 1901 793 quicquid
1939 740 2142 789 sonaret,
2181 733 2354 793 placuit

90 805 202 850 mihi
232 804 350 849 truci
381 816 507 858 sono,
541 802 784 858 addidique
813 802 1032 847 usitatum
1063 801 1240 848 feminis
1270 803 1317 847 in
1347 802 1491 848 veteri
1519 802 1675 859 lingua
1711 801 1979 847 vocabulum
2008 801 2189 859 Hildi33
2230 798 2352 844 unde
2410 811 2413 813 ·

91 869 384 925 ΒηιηῙιιἸάίε,
417 869 678 925 Mathildis,
709 869 982 927 Hildeyard,
1012 870 1211 916 Hiltrad
1240 873 1286 914 et
1315 868 1492 914 similia.

262 936 310 981 4.
339 934 456 991 Quia
485 934 768 979 verisimilius
790 935 878 980 hoc
900 935 955 980 de
986 935 1094 993 filio,
1124 934 1280 980 matris
1311 935 1475 980 artium
1503 935 1854 992 promulgatore,
1887 947 2023 992 quam
2045 933 2084 978 si
2114 945 2168 977 ea
2197 945 2352 989 super-

78 999 199 1048 'stite
230 1000 425 1046 scribere
454 999 714 1057 fingeretur.
756 999 846 1045 Sed
878 1005 923 1045 et
954 1001 1042 1046 hoc
1070 1002 1269 1045 innuere>
1289 999 1518 1059 volebam,
1550 1000 1759 1056 imperita
1790 1000 2083 1058 experientia,
2116 1011 2197 1043 seu
2217 999 2353 1045 medi-

97 1081 251 1114 corum
282 1079 368 1112 usu
407 1065 645 1124 loquendi,
690 1067 904 1123 empirica
934 1067 1258 1113 exercitatione
1289 1065 1506 1122 genitrice
1536 1065 1663 1110 nasci
1699 1065 1872 1122 prolem
1905 1064 2174 1120 Scientiam,
2217 1070 2355 1121 atque

90 1133 155 1179 illi
185 1146 277 1177 non
307 1136 455 1176 tutum
487 1145 600 1187 esse,
633 1146 768 1188 quam
799 1133 876 1178 diu
906 1137 1115 1191 superest
1142 1133 1261 1177 inter
1290 1131 1498 1177 homines
1530 1137 1675 1177 mater
1705 1131 1978 1190 Ignorantia,
2009 1143 2160 1175 rerum
2192 1142 2353 1175 causas

91 1197 419 1244 occultissimas
450 1198 496 1242 in
526 1198 687 1256 vulgus
708 1201 971 1259 propalare;
1004 1200 1112 1257 quin
1142 1201 1294 1258 potius
1323 1189 1601 1259 parcendum
1631 1197 1932 1245 verecundiae
1958 1195 2255 1254 antiquitatis,
2279 1208 2355 1239 ex-

93 1265 386 1322 spectandam
416 1278 635 1310 annorum
663 1268 992 1323 maturitatem,
1034 1279 1122 1323 qua
1153 1266 1293 1312 veluti
1333 1267 1457 1312 senio
1490 1267 1694 1313 confecta
1723 1263 1986 1322 Ignorantia
2023 1261 2206 1307 tandem
2238 1273 2356 1305 emo-

92 1332 251 1377 riatur.
314 1331 424 1375 Cum
453 1330 590 1387 igitur
612 1330 782 1375 Somnii
810 1332 899 1377 mei
931 1344 1096 1389 scopus
1129 1333 1201 1390 sit,
1233 1338 1547 1388 argumentum
1580 1347 1663 1389 pro
1694 1337 1821 1377 motu
1848 1330 2028 1387 Terrae,
2061 1341 2143 1374 seu
2173 1327 2356 1374 solutio-

92 1410 197 1442 nem
225 1396 378 1453 potius
409 1396 714 1453 objectionum
745 1397 802 1441 ab
833 1396 1076 1442 universali
1107 1398 1462 1444 contradictione
1495 1399 1642 1456 gentis
1672 1398 1900 1443 humanae
1926 1397 2234 1442 desumtarum
2263 1409 2357 1440 mo-

93 1463 166 1509 liri
195 1463 403 1520 exemplo
434 1463 613 1518 Lunae,
648 1461 743 1519 jam
787 1467 898 1508 tunc
938 1463 1208 1508 exstinctam
1246 1465 1355 1509 satis
1397 1464 1651 1510 arbitrabar
1682 1477 1829 1521 exque
1859 1462 2077 1507 memoria
2105 1460 2358 1518 ingenioso-

90 1540 192 1576 rum
221 1530 454 1575 hominum
486 1529 759 1574 eradicatam
791 1535 988 1574 veterem
1019 1530 1139 1575 hanc
1170 1530 1502 1588 Ignorantiam,
1545 1532 1630 1576 etsi
1661 1531 1841 1588 quidem
1881 1529 2081 1575 luctatur
2116 1528 2358 1572 etiamnum

91 1597 239 1642 anima
267 1597 314 1641 in
343 1609 465 1641 nexu
495 1602 674 1640 artuum
715 1598 808 1638 tam
848 1594 1117 1652 multorum,
1163 1600 1234 1640 tot
1271 1595 1436 1640 seculis
1467 1596 1721 1641 firmissime
1753 1594 1941 1650 coalit0,
1983 1599 2283 1652 superestque
2311 1593 2359 1638 in

91 1662 332 1708 academiis
370 1674 543 1707 annosa
578 1667 747 1716 mater,
795 1661 876 1706 sed
913 1660 979 1705 ita
1019 1660 1147 1716 vivit,
1192 1664 1243 1705 ut
1272 1674 1395 1706 mors
1426 1661 1468 1706 ei
1497 1662 1590 1706 vita
1620 1661 1798 1707 felicior
1827 1660 2109 1706 aestimanda
2137 1660 2358 1706 videatur.

92 1730 262 1786 (Annot.
295 1732 321 1772 5
354 1728 646 1783 desideratur.)

266 1795 306 1840 6.
338 1794 392 1838 111
423 1794 533 1838 1111111
562 1795 605 1839 in
637 1795 1001 1854 peregrinatione
1042 1809 1142 1842 mea
1179 1809 1353 1855 nupera
1394 1798 1460 1843 sic
1491 1798 1662 1857 evenit,
1704 1809 1963 1855 quanquam
1998 1809 2090 1841 non
2131 1794 2237 1849 soli,
2279 1793 2360 1839 sed

91 1859 242 1906 coetui
281 1859 477 1916 plurium
516 1861 909 1907 consentientium.
971 1862 1083 1907 Cum
1115 1863 1233 1907 enim
1263 1875 1348 1907 nos
1378 1862 1640 1921 theologus,
1683 1864 1997 1922 Augustanam
2029 1860 2362 1908 confessionem

91 1923 347 1982 professus,
387 1923 560 1980 ingenti
590 1940 692 1971 cum
722 1926 818 1971 zelo
850 1926 1089 1973 invasisset
1121 1940 1268 1984 exque
1301 1927 1536 1985 Scriptura
1567 1928 1654 1974 sibi
1688 1929 1917 1975 videretur
1944 1929 2174 1974 machinas
2205 1932 2360 1985 petere

94 1992 152 2037 ad
181 2004 264 2037 nos
296 1991 639 2050 oppugnandos,
672 1992 854 2037 tandem
887 2006 1106 2038 accensus
1137 1993 1306 2038 nostris
1338 1994 1678 2040 defensionibus
1710 1996 1891 2041 sublata
1920 2009 2029 2041 voce
2060 1999 2361 2041 contestatus-

94 2072 183 2117 que
214 2057 363 2102 omnia
393 2070 544 2110 sacra,
586 2058 749 2116 dogma
780 2058 867 2102 hoc
899 2064 1062 2104 contra
1093 2072 1267 2104 omnem
1295 2061 1522 2106 rationem
1559 2075 1766 2118 pugnare
1799 2062 2079 2108 exclamavit.
2130 2061 2245 2105 Tum
2278 2074 2360 2117 ego

92 2131 228 2183 rupto
271 2123 464 2180 denique
496 2123 677 2170 silentio
718 2125 973 2171 contumaci
1006 2127 1240 2183 (hactenus
1274 2126 1392 2170 6111111
1423 2126 1683 2171 assederam
1722 2128 1903 2173 auditor
1931 2129 2099 2185 merus)
2129 2128 2360 2184 nimirum,

93 2194 290 2248 inquam,
320 2190 407 2236 hoe
436 2195 515 2246 est,
547 2191 669 2248 qaod
697 2198 875 2238 vestrae
903 2193 1123 2249 factionis
1152 2193 1357 2238 homines
1386 2198 1518 2252 111961
1546 2195 1616 2239 vel
1644 2195 1849 2253 iqnaroa
1899 2195 1954 2241 Si
1984 2195 2103 2240 enim
2134 2193 2363 2252 doymatis

93 2259 231 2316 hujus
259 2257 523 2312 utilitatem,
553 2259 864 2303 necessitatem
895 2264 938 2304 et
964 2259 1316 2316 possibilitatem
1336 2259 1537 2304 rationis
1555 2265 1730 2306 vestrae
1752 2262 1980 2319 anqustiis
2000 2261 2234 2320 caperetis,
2256 2259 2362 2315 jam

94 2326 267 2372 dudum
295 2325 386 2369 vim
416 2329 786 2381 aryamentorum
814 2339 845 2369 a
875 2324 1120 2382 Scriptura
1149 2326 1404 2382 petitorum
1433 2338 1514 2371 vos
1543 2325 1636 2383 ipsi
1665 2326 1975 2384 declinaretis,
2007 2329 2218 2386 quaesita
2245 2341 2362 2373 com-

95 2391 236 2437 moda
264 2389 659 2446 interpretatione,
690 2394 742 2434 at
773 2391 894 2435 alias
924 2391 1080 2435 soletis
1109 2404 1206 2435 non
1234 2403 1359 2436 raro.
1412 2389 1477 2436 At
1505 2405 1629 2437 nanc
1657 2397 1792 2438 tanta
1824 2399 1889 2439 est
1918 2395 2116 2439 rationis
2145 2399 2254 2438 tuae
2281 2393 2363 2437 im-

98 2460 333 2514 becillitas,
364 2461 418 2502 ut
446 2471 541 2502 non
569 2458 739 2514 videas,
771 2459 909 2504 etiam
932 2472 1075 2516 penes
1103 2472 1189 2505 nos
1211 2459 1495 2516 particulam
1524 2460 1729 2517 aliquam
1760 2473 1852 2505 6336
1879 2461 2093 2507 rationis.
2140 2460 2252 2506 Non
2279 2459 2364 2517 iqi-

99 2532 178 2573 tur
207 2529 368 2571 contra
398 2536 573 2568 omnem
601 2525 827 2570 rationem
859 2525 1023 2583 doyma
1046 2530 1241 2583 puynat,
1276 2525 1398 2582 quod
1429 2530 1592 2571 contra
1614 2531 1983 2572 astronomorum
2003 2533 2045 2573 et
2067 2526 2365 2585 physicorum

95 2592 320 2638 rationem
360 2602 456 2634 non
489 2594 682 2646 puynat.
745 2590 878 2648 Quod
918 2591 1037 2635 enim
1077 2604 1172 2636 non
1202 2591 1330 2648 capit
1357 2605 1500 2647 unus,
1541 2593 1668 2648 capit
1707 2593 1824 2638 alter
1852 2594 1904 2638 in
1933 2594 2130 2638 materia
2151 2591 2364 2649 peritior.

269 2659 313 2704 7.
348 2657 439 2703 Sua
469 2658 631 2714 cuique
663 2657 836 2714 injuria.
893 2658 946 2702 In
979 2658 1216 2715 Copernici
1258 2671 1370 2714 opus
1402 2657 1755 2703 Revolutionum
1794 2659 1908 2703 haec
1946 2658 2153 2715 capitalis
2198 2662 2267 2702 est
2295 2656 2362 2700 in-

92 2724 227 2783 juria,
259 2723 382 2781 quod
411 2723 607 2780 imperiti
636 2737 788 2768 rerum
820 2724 1222 2769 astronomicarum
1255 2724 1485 2779 (censuras
1518 2723 1735 2769 librorum
1766 2737 1856 2768 non
1888 2737 1945 2769 ex
1976 2729 2125 2769 mente
2157 2736 2250 2781 sua,
2284 2721 2363 2766 sed

76 2803 333 2870 perperam
361 2789 666 2847 interpretati)
699 2788 971 2846 existimant,
1005 2802 1095 2833 non
1129 2802 1228 2834 esse
1259 2788 1502 2846 legendum
1531 2789 1578 2832 id
1612 2802 1740 2846 opus,
1771 2790 1858 2835 nisi
1888 2790 2014 2848 prius
2037 2794 2214 2835 exemto
2236 2793 2364 2832 1110111

76 2847 286 2912 ’Terrae,
330 2857 451 2914 quod
482 2855 747 2901 tantundem
779 2859 850 2899 est
895 2867 947 2899 ac
989 2855 1026 2899 si
1058 2854 1253 2912 diceres,
1293 2868 1385 2899 non
1415 2854 1655 2910 legendum
1689 2867 1789 2900 esse
1819 2854 1967 2912 prius,
2010 2869 2144 2912 quam
2174 2851 2362 2898 flammis

97 2922 232 2968 fuerit
251 2928 473 2968 exustum.
515 2922 612 2966 Hos
643 2921 797 2976 itaque
818 2933 909 2965 non
931 2921 1208 2978 argumentis
1241 2933 1337 2978 ego,
1370 2921 1450 2966 sed
1480 2923 1576 2967 risu
1607 2921 1874 2968 refutandos
1904 2927 2049 2980 ratus,
2080 2921 2170 2967 tale
2202 2917 2362 2975 scripsi

101 2988 395 3047 epigramma:

41 3041 88 3094 θ’
615 3053 685 3099 Ne
714 3052 964 3108 lasciviret,
997 3057 1209 3110 poterant
1240 3058 1440 3099 castrare
1470 3058 1666 3112 poetam,

32 3122 33 3134 ¹
735 3117 976 3163 Testiculis
1010 3117 1171 3162 demtis
1202 3117 1294 3163 vita
1328 3124 1561 3175 superstes
1594 3124 1704 3165 erat.

616 3182 712 3228 Vae
741 3184 824 3228 tibi
854 3184 1127 3241 Pythagora,
1159 3185 1344 3230 cerebro
1379 3185 1456 3241 qui
1487 3185 1620 3231 ferris
1651 3188 1838 3244 abusus,

730 3249 881 3293 Vitam
913 3249 1178 3305 concedunt,
1212 3255 1318 3294 ante
1351 3251 1433 3295 sed
1466 3253 1778 3298 excerebrant.

34 3321 80 3371 μ,
273 3311 320 3357 8.
347 3311 501 3357 Fallor
532 3324 588 3357 an
620 3319 778 3358 auctor
807 3320 987 3371 satyrae
1016 3315 1245 3371 procacis,
1279 3316 1352 3359 cui
1373 3329 1533 3360 nomen
1559 3316 1782 3363 conclave
1802 3317 2099 3375 Ignatianum,
2133 3317 2364 3374 exemplar

36 3428 37 3439 χ
97 3383 257 3424 nactus
288 3382 383 3421 erat
410 3377 547 3431 hujus
578 3378 806 3437 opusculi3
837 3379 998 3436 pungit
1029 3380 1147 3424 enim
1175 3392 1247 3425 me
1278 3380 1539 3425 nominatim
1573 3381 1706 3425 etiam
1738 3381 1780 3426 in
1813 3381 1914 3439 ipso
1945 3383 2182 3440 principio.
2243 3385 2361 3430 Nam

36 3441 38 3495 ὲ
98 3442 145 3488 111
174 3454 418 3500 progressu
455 3442 666 3486 miserum
699 3443 998 3499 Copernicum
1044 3443 1227 3489 adducit
1271 3444 1328 3488 ad
1365 3444 1576 3489 Plutonis
1611 3445 1835 3503 tribunal,
1884 3448 1942 3493 ad
1990 3449 2110 3504 quod
2149 3449 2195 3494 ni
2231 3449 2363 3494 fallor

35 3518 39 3531 ¹
96 3513 246 3559 aditus
288 3515 358 3556 est
396 3525 478 3568 per
513 3512 684 3557 Heclae
723 3512 971 3569 voragines.
1005 3512 1062 3569 (2,
1096 3513 1135 3565 5,
1168 3514 1225 3570 9.)
1292 3514 1385 3558 Vos
1426 3513 1578 3567 amici,
1623 3514 1700 3570 qui
1741 3513 1945 3559 notitiam
1987 3514 2166 3560 habetis
2208 3529 2360 3563 rerum

99 3592 295 3625 mearum
330 3581 375 3622 et
405 3590 521 3634 quae
554 3577 661 3621 mihi
695 3590 831 3622 causa
862 3575 997 3620 suerit
1028 3575 1401 3633 peregrinationis
1432 3576 1663 3632 proximae
1695 3575 1739 3620 in
1773 3577 1994 3636 Sueviam,
2026 3581 2291 3637 praesertim
2324 3582 2363 3627 si

52 3648 75 3669 ·”
102 3644 179 3700 qui
207 3647 405 3687 vestrum
436 3643 627 3688 antehac
657 3643 1015 3699 manuscriptum
1047 3641 1168 3686 nacti
1200 3641 1405 3693 fuerunt,
1445 3640 1647 3686 libellum
1688 3642 1847 3699 istum,
1891 3645 2094 3691 ominosa
2132 3647 2222 3692 ista
2251 3649 2362 3693 mihi

39 3724 43 3737 ⁴
100 3709 303 3767 meisque
332 3710 472 3755 fuisse
504 3708 761 3754 censebitis.
821 3708 918 3752 Nec
951 3721 1032 3764 ego
1066 3707 1298 3753 dissentio.
1358 3707 1574 3763 Magnum
1613 3708 1822 3764 equidem
1863 3715 1934 3755 est
1964 3710 2119 3757 mortis
2151 3725 2281 3757 omen
2314 3714 2361 3758 in

64 3775 284 3822 ⁸*vnlnere
312 3776 470 3822 lethali
501 3774 684 3832 inflicto,
717 3774 763 3819 in
793 3787 965 3820 veneno
998 3779 1147 3832 epoto,
1180 3787 1263 3819 nec
1293 3773 1441 3820 minus
1471 3773 1611 3820 fuisse
1641 3774 1820 3821 videtur
1850 3775 1990 3823 cladis
2012 3777 2284 3824 domesticae
2314 3779 2360 3824 in

42 3854 45 3908 3
102 3842 414 3902 propalatione
453 3841 592 3898 hujus
630 3840 802 3900 scripti.
864 3840 1118 3888 credideris
1150 3839 1392 3891 scintillam
1423 3840 1654 3901 delapsam
1685 3843 1729 3889 in
1761 3843 1995 3890 materiam
2033 3844 2229 3903 aridam,
2274 3845 2362 3891 hoc
