2652 4088
277 163 381 235 252
864 175 1148 227 Collectanea
1178 189 1234 226 ex
1266 177 1496 228 codicibus
1525 178 1916 230 Pulkoviensibus.

274 329 321 374 in
362 323 537 374 circulo
577 324 705 374 orbis
743 317 923 377 Terrae
963 326 1219 387 oberraret,
1260 334 1308 378 et
1343 328 1473 379 linea
1509 345 1656 396 supra
1694 338 1861 380 notata
1900 331 1948 378 in
1987 322 2292 381 revolutione
2329 338 2519 398 semper

274 398 506 462 parallela
545 405 759 449 maneret
793 401 932 448 initio
960 399 1139 450 Arietis
1179 408 1228 451 et
1253 401 1429 452 Librae
1468 409 1516 454 et
1553 411 1739 454 tantum
1782 406 1854 453 bis
1893 405 1940 451 in
1978 403 2283 454 revolutione
2310 398 2358 453 in
2385 405 2518 454 illam

273 471 516 523 incideret.

445 543 630 593 Harum
657 558 813 593 rerum
839 547 1050 594 omnium
1079 561 1256 596 causae
1282 547 1375 596 hae
1401 554 1538 597 sunt:
1586 548 1636 613 1)
1663 548 1749 598 Sol
1778 553 1851 597 est
1889 550 1936 596 in
1964 555 2127 598 centro
2156 551 2368 598 omnium
2407 549 2518 614 pla-

271 617 563 666 netariorum
603 618 787 665 orbium
826 618 1090 668 secundum
1119 620 1372 684 Copernici
1413 626 1460 669 et
1485 622 1732 686 Tyehonis
1775 621 1930 670 Brahe
1969 624 2276 672 sententiam.
2343 623 2395 686 2)
2423 623 2518 671 Sa·-

274 691 417 749 turni‚
457 689 601 739 Jovis
641 698 687 738 et
727 690 897 740 Martis
937 693 1078 741 orbes
1116 699 1228 741 sunt
1268 696 1520 743 eccentrici
1559 695 1671 744 facti
1712 697 1759 741 in
1799 694 2018 755 singulas
2058 694 2235 758 singuli
2273 697 2514 756 regiones,

272 770 325 812 ut
363 764 728 812 observationes
766 771 1019 814 testantur.
1097 765 1149 829 3)
1187 765 1286 815 Sed
1324 766 1503 829 gradus
1541 766 1824 830 inaequales
1862 774 1988 827 sunt,
2030 769 2160 831 quia,
2202 766 2282 816 ubi
2322 768 2517 831 longius

271 851 300 884 a
340 834 452 885 Sole
490 837 732 896 recedunt,
774 838 839 886 ibi
879 838 1062 886 tardius
1101 841 1284 887 moveri
1323 845 1522 890 necesse
1562 846 1650 901 est,
1692 842 1807 903 quia
1845 846 1983 889 actus
2021 848 2181 890 motus
2219 857 2248 889 a
2287 833 2400 890 Sole
2438 842 2517 891 sit.

273 906 322 973 4)
361 909 456 957 Via
492 909 672 959 Terrae
711 913 786 959 est
835 912 1138 960 concentrica
1178 919 1225 961 et
1262 912 1441 975 gradus
1491 913 1597 977 ejus
1645 913 1907 976 aequales,
1961 918 2057 961 non
2097 907 2157 963 ad
2198 912 2516 962 imitationem

270 988 486 1042 naturae,
527 982 613 1030 sed
653 990 812 1032 tamen
851 983 913 1032 ad
954 985 1274 1034 imitationem
1315 985 1488 1034 calculi
1527 986 1862 1051 Cepernicani.
1940 986 2026 1035 Est
2064 992 2224 1035 tamen
2269 986 2519 1035 nihilomi-

269 1069 359 1103 nus
399 1057 666 1105 eecentrica
704 1056 766 1104 ad
794 1056 971 1116 Solem,
1012 1060 1126 1120 quia
1151 1057 1234 1107 Sol
1277 1052 1466 1123 'positus
1506 1066 1579 1109 est
1618 1066 1752 1108 extra
1790 1064 2021 1119 centrum,
2063 1066 2114 1108 ut
2149 1068 2295 1123 supra
2320 1059 2517 1111 dictum.

273 1130 327 1190 5)
366 1128 569 1177 Veneris
608 1135 655 1177 et
693 1128 916 1178 Mercurii
957 1131 1098 1179 orbes
1135 1134 1341 1194 geminis
1381 1131 1524 1182 lineis
1576 1133 1889 1181 concentricis
1939 1131 2089 1180 clausi
2137 1137 2273 1191 sunt,
2326 1139 2520 1197 propter

273 1203 468 1250 nimiam
509 1207 671 1250 eorum
712 1211 870 1251 motus
910 1205 1210 1264 varietatem,
1252 1219 1378 1268 quae
1415 1219 1510 1254 non
1552 1213 1711 1271 potest
1750 1219 1833 1269 per
1871 1206 2189 1254 eccentricum
2230 1206 2429 1268 exprimi
2470 1203 2518 1252 in

268 1280 365 1323 tam
407 1290 557 1339 parva
595 1278 882 1337 quantitate.
958 1276 1140 1325 Notavi
1179 1285 1340 1327 autem
1383 1291 1547 1327 eorum
1597 1292 1868 1343 apogaeum
1909 1285 1958 1326 et
1995 1279 2273 1341 perigaeum
2315 1280 2361 1325 in
2402 1278 2518 1327 orbe

269 1347 469 1405 Terrae,
520 1351 633 1411 quia
680 1352 802 1398 ratio
850 1364 1014 1398 eorum
1055 1356 1274 1399 motuum
1323 1351 1385 1399 ad
1433 1357 1616 1400 motum
1665 1351 1842 1400 Terrae
1896 1349 2132 1413 quadrare
2181 1366 2210 1398 a
2250 1350 2519 1414 Copernico

268 1423 508 1472 statuitur.
575 1427 623 1481 6)
649 1421 763 1471 Jam
791 1422 852 1471 ad
878 1423 1097 1485 regulam
1123 1423 1268 1472 affixa
1307 1432 1380 1473 est
1404 1423 1663 1484 laminula,
1704 1429 1829 1487 quae
1868 1425 2112 1487 geminum
2142 1422 2308 1472 Lunae
2349 1423 2518 1488 epiny-

270 1494 395 1542 clum
434 1501 787 1559 repraesentat,
843 1497 913 1544 ita
952 1504 1001 1543 ut
1050 1496 1218 1559 regula
1259 1496 1427 1545 'v'oluta
1465 1500 1528 1545 sit
1567 1499 1717 1545 instar
1756 1496 1885 1545 orbis
1924 1497 2119 1547 lunaris.
2196 1495 2359 1545 Causa
2398 1496 2520 1546 haec

269 1573 356 1625 est,
397 1569 511 1630 qnia
542 1568 677 1617 Ltma
701 1569 900 1617 Terram
939 1569 1086 1617 habet
1124 1583 1208 1634 pro
1237 1575 1415 1628 centrO,
1455 1572 1581 1619 sicut
1618 1577 1666 1618 et
1690 1570 1859 1633 regula
1899 1569 2132 1631 mucroni,
2173 1569 2353 1618 Terrae
2394 1571 2520 1618 ima*

267 1642 383 1702 gini‚
424 1640 671 1691 adhaeret.
748 1642 969 1702 Fingitur
1007 1648 1168 1690 antem
1208 1650 1306 1691 tam
1347 1656 1575 1704 magum,
1629 1656 1725 1691 non
1773 1642 1901 1705 quod
1941 1644 2004 1691 sit
2043 1643 2088 1689 in
2140 1646 2277 1691 tanta
2316 1650 2521 1707 propor-

269 1715 399 1762 tione
440 1714 500 1762 ad
541 1721 751 1775 cemma,
803 1714 887 1762 sed
929 1717 1043 1777 quia
1082 1717 1277 1779 perinde
1314 1722 1388 1763 est
1427 1717 1472 1763 in
1513 1715 1729 1776 theoria,
1783 1717 1888 1764 sive
1929 1729 2134 1774 magnus
2180 1715 2286 1764 sive
2339 1727 2519 1780 parvus

267 1786 371 1844 fiat,
396 1793 461 1835 *et
498 1789 612 1846 quia
650 1793 747 1836 tam
789 1802 941 1850 parva
978 1787 1079 1836 fieri
1119 1802 1213 1836 non
1256 1796 1441 1852 potest,
1484 1798 1629 1851 quarn
1670 1795 1740 1837 est
1782 1789 1828 1835 in
1869 1788 2048 1837 mundo
2088 1802 2282 1853 parvus.
2360 1787 2522 1837 Debet

269 1861 394 1907 enim
436 1859 549 1923 fingi
591 1859 734 1920 longe
773 1861 974 1920 arctior,
1029 1875 1172 1923 quam
1213 1868 1286 1910 est
1323 1861 1519 1925 regulae
1559 1860 1866 1925 capitellum,
1916 1861 2045 1923 quod
2086 1860 2281 1924 quidem
2322 1867 2520 1924 reprae-

269 1932 506 1981 sentando
559 1934 660 1980 orbi
710 1932 864 1981 lunari
905 1939 1034 1981 esset
1072 1936 1404 1996 aptissimum,
1455 1936 1495 1981 si
1535 1940 1671 1982 tanta
1709 1935 1927 1997 parvitas
1967 1934 2120 1982 oculis
2159 1934 2338 1983 nostris
2376 1932 2516 1981 suffi-

268 2008 409 2055 Ceret.
467 2008 516 2061 7)
542 2005 684 2068 Quod
711 2014 870 2055 autem
900 2006 1068 2054 tabula
1095 2009 1202 2069 ipsa
1230 2009 1425 2056 mobilis
1466 2013 1541 2056 est
1579 2008 1734 2067 facta,
1784 2006 1832 2054 id
1872 2020 1968 2054 non
2010 2014 2082 2056 est
2121 2006 2183 2055 ad
2222 2016 2506 2069 repraesen-

267 2078 462 2127 tandam
500 2085 660 2127 motus
701 2079 930 2128 mundani
970 2081 1205 2128 rationem
1245 2080 1509 2129 secundum
1551 2079 1873 2143 Copernieum
1913 2083 2055 2141 (sane
2104 2079 2370 2129 seeundum
2410 2077 2516 2143 Ty·-

268 2152 468 2201 chonem
510 2152 716 2215 Brahe),
769 2152 855 2201 sed
893 2151 1028 2210 ide0‚
1082 2155 1198 2215 quia
1235 2153 1433 2217 perinde
1474 2159 1571 2211 est,
1626 2155 1731 2201 sive
1774 2165 1937 2201 mncro
1977 2166 2085 2202 cum
2124 2151 2354 2211 zodiaco,
2415 2154 2520 2201 sive

267 2223 434 2274 tabula
483 2225 567 2274 fiat
606 2225 814 2276 mobilis.
889 2225 1090 2288 Semper
1138 2228 1263 2274 enim
1303 2240 1495 2284 mucro,
1543 2227 1707 2287 imago
1746 2225 1950 2285 Terrae,
2004 2239 2090 2289 per
2136 2225 2301 2274 orbem
2340 2224 2520 2274 Terrae

271 2299 503 2347 circumit.
583 2298 749 2347 Motus
789 2303 951 2347 alitem
993 2307 1125 2347 totas
1165 2296 1245 2347 ille
1287 2299 1396 2348 ideo
1435 2298 1706 2362 perficitur,
1756 2304 1808 2346 nt
1846 2297 1997 2348 Terra
2036 2299 2100 2347 sit
2140 2300 2187 2346 in
2229 2304 2394 2347 centro
2434 2303 2522 2346 zo·-

268 2371 415 2431 diaei‚
468 2374 594 2420 sicut
631 2372 677 2419 in
720 2371 898 2419 mundo
938 2380 1033 2432 est,
1081 2385 1176 2419 non
1217 2372 1411 2435 quidem
1450 2371 1511 2420 ad
1553 2373 1618 2420 rei
1663 2374 1940 2431 veritatem,
1979 2371 2065 2420 sed
2105 2378 2266 2421 tamen
2306 2370 2366 2419 ad
2406 2379 2520 2420 sen-

267 2454 371 2493 sum
411 2447 457 2492 in
499 2444 604 2508 ejus
643 2453 829 2505 centro,
886 2446 1000 2507 quia
1052 2451 1184 2493 totus
1223 2448 1353 2494 orbis
1391 2445 1572 2493 Terrae
1620 2446 1783 2508 puncti
1835 2446 1986 2493 instar
2030 2451 2118 2494 est.
2196 2442 2334 2493 Haec
2373 2456 2523 2493 causa

269 2520 428 2566 motus
468 2519 515 2564 in
555 2518 739 2566 tabula.
818 2513 974 2566 Ceteri
1014 2523 1176 2566 motus
1214 2524 1380 2567 omnes
1418 2531 1505 2580 per
1542 2519 1924 2566 numerationem
1958 2517 2290 2581 perficiuntur.
2355 2515 2522 2566 Gene-

267 2590 430 2639 raliter
467 2605 511 2638 n.
552 2591 826 2645 tenendum,
866 2604 1095 2653 quorsum
1136 2589 1314 2640 ducant
1351 2592 1538 2640 numeri
1579 2593 1698 2652 ipsi,
1740 2602 1929 2638 eorsum
1958 2600 2125 2639 omnes
2163 2588 2402 2652 planetas,
2444 2590 2522 2653 ip-

269 2678 370 2712 sam
420 2666 565 2712 etiam
606 2663 801 2711 Terram
855 2666 1036 2712 moveri
1090 2670 1138 2711 et
1185 2666 1311 2713 eirea
1349 2663 1547 2712 Terram
1588 2663 1776 2711 Lunam
1829 2669 1877 2711 et
1927 2665 1973 2711 in
2028 2665 2133 2725 ipso
2184 2663 2299 2711 orbe
2353 2662 2519 2712 latinae

269 2739 427 2799 ipsum
467 2736 667 2799 globum
706 2735 884 2784 Terrae
924 2751 1012 2783 sua
1050 2735 1222 2785 diurna
1258 2735 1579 2785 revolutione.
1658 2735 1916 2797 Quantitas
1955 2746 2118 2784 autem
2164 2736 2269 2785 sive
2309 2741 2519 2798 tempus,

270 2809 399 2872 quod
452 2809 789 2859 circumeundo
840 2809 1041 2872 quilibet
1091 2810 1308 2871 conficit,
1360 2820 1419 2858 ex
1467 2808 1647 2857 tabulis
1698 2808 1759 2858 ad
1808 2807 1901 2857 hoc
1950 2809 2091 2859 factis
2143 2815 2214 2857 est
2263 2808 2518 2872 capienda.

268 2881 409 2934 Unde
441 2883 546 2949 jam
585 2884 804 2948 sequitur

1042 2999 1366 3058 Explicatio
1406 2998 1768 3047 'tabu-larum.

439 3102 559 3151 Tres
597 3104 711 3151 su'nt
748 3101 1022 3151 tabularum
1059 3105 1238 3164 partes,
1292 3099 1346 3147 In
1373 3101 1526 3162 prima
1553 3104 1781 3147 notantur
1805 3096 2109 3161 planetarum
2147 3097 2256 3149 loca
2282 3097 2346 3148 ab
2381 3097 2522 3149 initio

270 3177 380 3226 anni
426 3178 561 3224 1500
601 3175 662 3224 ad
702 3176 837 3224 initia
875 3189 1109 3224 annorum
1150 3178 1251 3222 200
1292 3171 1355 3220 ad
1393 3181 1572 3220 annum
1613 3176 1775 3231 1700,
1821 3172 1902 3234 qui
1942 3172 2119 3234 singuli
2162 3171 2223 3220 ad
2261 3171 2389 3220 latus
2429 3169 2521 3220 ad·-

271 3250 433 3312 scripti
471 3255 598 3296 sunt.
675 3248 812 3298 Haec
851 3250 989 3296 initia
1027 3253 1141 3295 sunt
1179 3249 1226 3293 in
1267 3245 1426 3295 media
1477 3250 1620 3293 noete
1658 3244 1974 3293 antecedente
2013 3247 2217 3307 primum
2260 3242 2386 3293 diem
2423 3243 2518 3294 Ja-

270 3324 425 3370 nuarii
466 3321 578 3370 stilo
621 3329 716 3370 vet.
791 3321 911 3370 Po'st
959 3320 1095 3368 illum
1143 3333 1322 3367 annum
1376 3321 1526 3366 1700.
1568 3323 1628 3366 st.
1671 3332 1716 3366 v.
1759 3322 1806 3365 et
1845 3323 1903 3367 st.
1943 3332 1988 3365 n.
2032 3317 2363 3379 Gregorianus
2417 3316 2520 3366 dis-

273 3396 538 3458 crepabunt
563 3394 735 3442 diebus
768 3398 847 3452 11,
888 3395 970 3457 qui
1004 3393 1107 3455 jam
1147 3398 1334 3440 tantum
1367 3397 1430 3439 10
1459 3390 1746 3452 discrepant.
1799 3389 1853 3436 In
1880 3390 2094 3439 secunda
2132 3398 2268 3453 parte
2293 3392 2523 3439 notantur

271 3475 431 3517 motus
470 3467 774 3530 planetarum
815 3468 877 3515 ab
917 3467 1054 3514 initio
1094 3467 1208 3513 anni
1246 3464 1307 3513 ad
1347 3465 1485 3512 initia
1524 3463 1705 3511 dierum
1745 3464 1894 3510 totius
1946 3466 2058 3511 anni
2109 3469 2207 3511 tam
2256 3463 2520 3512 bissextilis

275 3557 418 3604 quam
459 3542 728 3589 communis
768 3546 828 3591 st.
859 3555 927 3598 V.‚
970 3540 1051 3601 qui
1093 3537 1322 3601 adscripti
1361 3542 1473 3585 sunt
1512 3534 1573 3583 ad
1610 3535 1769 3595 latn‘s3
1810 3537 1998 3583 initium
2039 3542 2201 3585 autern
2242 3534 2338 3584 diei
2378 3535 2522 3584 civile

276 3622 347 3662 est
385 3615 430 3660 in
470 3614 630 3662 med-ia
668 3619 809 3661 nocte
848 3611 1164 3661 antecedente
1204 3610 1330 3659 diem
1376 3610 1693 3657 nominatum.
1756 3607 1923 3657 Habet
1960 3615 2120 3658 autem
2159 3606 2520 3671 uterque-ordo

277 3686 459 3734 dierum
497 3688 544 3733 in
585 3686 738 3734 fronte
778 3685 975 3734 tabulae
1012 3691 1155 3732 'suum
1195 3683 1405 3743 titulum,
1444 3689 1530 3744 per
1555 3694 1696 3742 quem
1725 3683 1832 3729 sciri
1863 3687 2035 3744 potest,
2061 3695 2138 3731 ‘an
2178 3683 2242 3728 sit
2280 3681 2382 3729 dies
2407 3679 2520 3729 anni

277 3761 541 3807 communis
598 3764 658 3806 an
699 3760 810 3807 anni
850 3758 1065 3806 bissexti.
1140 3757 1195 3804 In
1244 3757 1400 3804 tertia
1436 3759 1571 3817 parte
1622 3759 1851 3801 notantur
1901 3761 2060 3802 motus
2110 3753 2411 3816 planetarum
2456 3753 2518 3800 ab

279 3833 417 3879 initio
458 3831 551 3878 diei
591 3833 696 3880 sive
735 3846 766 3879 a
802 3830 963 3880 media
1009 3835 1152 3879 nocte
1204 3827 1520 3878 antecedente
1571 3824 1632 3875 ad
1671 3826 1892 3890 singulos
1943 3827 2170 3876 horarum
2226 3826 2519 3888 quadrantes

278 3912 391 3955 ante
428 3905 477 3953 et
512 3909 622 3966 post
659 3903 924 3954 meridiem.

2649 3261 2652 3277 1

2646 3285 2652 3333 Ξ

2644 3355 2652 3439 j
