2652 4088
598 1106 688 1220 Ι.
767 1101 1858 1221 MATHEMATICA.

711 1327 1171 1409 Institutiones
1220 1327 1749 1408 Mathematieae.
1798 1450 1801 1455 7

288 1618 579 1664 Conradus
608 1609 995 1680 D‘asypodius,
1027 1623 1260 1680 professor
1290 1622 1636 1669 mathematicae
1657 1619 1703 1666 in
1725 1619 1955 1666 academia
1974 1619 2357 1677 Argentoratensi,

103 1682 280 1728 celeber
298 1685 429 1730 editis
450 1685 776 1732 mathematicis
797 1688 969 1745 graecis
991 1689 1232 1746 (Euclidis‚
1265 1687 1522 1746 Theodosii,
1554 1687 1777 1746 Autolyci,
1808 1685 2093 1743 Ptolemaei),
2126 1699 2257 1742 quem
2280 1685 2357 1731 alii

108 1749 261 1794 dicunt
280 1755 505 1796 mortuum
538 1764 654 1797 anno
679 1754 793 1800 1600
814 1759 969 1799 natum
990 1754 1046 1800 68
1067 1768 1234 1809 annos,
1266 1755 1342 1800 alii
1373 1767 1490 1799 anno
1527 1753 1633 1799 1601
1667 1759 1825 1798 natum
1846 1753 1904 1798 70
1925 1764 2088 1808 annOS,
2131 1765 2231 1797 cum
2260 1751 2367 1810 ipse¹

101 1813 148 1858 in
178 1815 319 1861 literis
349 1829 502 1862 mense
529 1818 637 1863 Dec.
670 1820 776 1864 anni
809 1820 919 1866 1599
951 1821 1010 1865 ad
1041 1821 1286 1879 Keplerum
1318 1820 1435 1866 datis
1467 1818 1655 1864 scribat:
1691 1818 1872 1876 „videas
1883 1850 1896 1874 ,
1935 1828 2008 1862 me
2039 1831 2130 1862 non
2161 1818 2356 1863 otiosum

105 1879 248 1925 fuisse
292 1887 371 1926 aut
408 1895 509 1928 esse
546 1886 681 1930 etiam
719 1885 766 1930 in
794 1885 881 1930 hac
921 1886 1046 1943 gravi
1077 1886 1134 1931 70
1165 1901 1383 1933 annorum
1425 1887 1627 1941 aetate“,
1671 1885 1718 1928 in
1749 1883 1848 1928 aliis
1879 1882 2000 1927 haud
2031 1883 2187 1939 paucis
2217 1881 2358 1941 libris,

106 1958 221 2001 quos
252 1947 404 2004 edidit,
436 1950 779 1996 mathematicae
809 1957 855 1996 et
884 1954 1186 1998 astronomiae
1217 1953 1443 1998 theoriam
1467 1951 1636 1997 docuit.
1680 1951 1938 1996 Recensent
1969 1950 2070 2004 viri,
2103 1951 2179 2006 qui
2211 1951 2358 1996 litera·

105 2023 205 2055 rum
234 2011 468 2058 historiam
499 2021 763 2071 tractarunt,
794 2016 879 2061 hos
900 2017 1150 2075 Dasypodii
1179 2018 1339 2064 libros:
1373 2018 1649 2075 Logisticam
1673 2016 1848 2073 (1567),
1883 2015 2208 2072 Compendium
2229 2017 2356 2062 theo-

102 2076 197 2120 riae
227 2077 510 2134 planetarum
541 2082 712 2140 (1567),
745 2082 967 2127 Volumen
997 2083 1036 2129 Ι.
1066 2085 1456 2141 mathematicum,
1499 2084 1644 2141 prima
1674 2090 1720 2128 et
1751 2080 2082 2137 simplicissima
2112 2082 2357 2127 mathema-

103 2141 292 2187 ticarnm
339 2144 675 2203 disciplinarum
720 2148 940 2206 principia
994 2150 1322 2209 complectens,
1375 2150 1669 2208 geometriae,
1723 2146 1979 2205 logisticae,
2036 2149 2354 2207 astronomiae,

32 2241 35 2249 .
105 2209 408 2266 geographiae
442 2211 624 2268 (1567),
659 2213 982 2272 Hypotyposes
1028 2216 1200 2262 orbium
1234 2218 1497 2263 coelestium
1527 2216 1707 2275 (1568),
1741 2215 1810 2259 De
1840 2212 2041 2259 terminis
2072 2216 2357 2272 geometricis

109 2272 282 2328 (1570),
314 2274 515 2321 Lexicon
546 2291 627 2323 seu
658 2278 970 2326 dictionarium
1001 2283 1383 2340 mathematicum,
1415 2283 1461 2329 in
1494 2297 1582 2340 quo
1606 2281 1887 2327 definitiones
1920 2285 1965 2324 et
1987 2279 2227 2326 divisiones
2250 2292 2356 2326 con-

106 2337 308 2383 tinentur
337 2340 626 2387 scientiarum
656 2345 1088 2403 mathematicarum,
1122 2361 1282 2404 graece
1313 2354 1358 2394 et
1387 2348 1527 2393 latine
1561 2347 1728 2402 (1573),
1773 2343 1927 2390 Brevis
1960 2342 2164 2389 doctrina
2195 2344 2251 2390 de
2283 2358 2356 2392 co·

103 2403 235 2448 metis
268 2410 314 2450 et
343 2415 619 2453 cometarum
651 2409 886 2458 effectibus
919 2414 1079 2471 (1578),
1111 2414 1264 2459 Oratio
1297 2415 1352 2459 de
1385 2412 1635 2470 disciplinis
1656 2409 1986 2456 mathematicis
2011 2409 2173 2466 (1579),
2205 2410 2360 2456 Heron

38 2470 40 2478 ¹
102 2468 403 2528 mechanicus,
436 2487 518 2519 seu
550 2476 606 2521 de
636 2478 913 2526 mechanicis
945 2482 1120 2526 artibus
1143 2487 1280 2538 atque
1302 2480 1566 2537 disciplinis,
1598 2477 1833 2534 Horologii
1855 2476 2157 2530 astronomici,
2188 2478 2360 2535 Argen-

102 2534 239 2580 torati
268 2536 315 2580 in
346 2550 518 2585 summo
551 2542 722 2599 templo
754 2545 906 2601 erecti,
939 2545 1183 2603 descriptio
1206 2547 1370 2604 (1580),
1402 2545 1669 2590 Protheoria
1705 2541 2037 2597 mathematica,
2068 2541 2115 2585 in
2146 2555 2236 2598 qua
2268 2557 2359 2589 non

106 2599 251 2645 solum
283 2601 547 2661 disciplinae
578 2608 923 2655 mathematicae
965 2623 1121 2655 omnes
1155 2611 1312 2656 ordine
1353 2610 1638 2655 convenienti
1669 2613 2009 2660 enumerantur,
2040 2619 2193 2651 verum
2225 2609 2360 2654 etiam

80 2664 377 2713 ·universalia
406 2671 725 2718 mathematica
752 2682 1000 2733 praecepta
1037 2677 1322 2734 explicantur
1353 2678 1526 2734 (1593),
1565 2675 1904 2720 Institutionum
1941 2672 2360 2720 mathematicarum

46 2778 47 2781 Ἴ
108 2728 198 2776 vol.
229 2730 263 2775 1.
296 2740 566 2782 erotemata:
599 2738 846 2797 logisticae,
877 2742 1164 2798 geometriae,
1198 2743 1433 2800 sphaerae,
1466 2741 1771 2799 geographiae
1804 2738 1987 2796 (¹593)’
2019 2738 2359 2786 Instiwtmnum

46 2811 49 2829 ι
105 2795 245 2841 math.
275 2798 362 2845 vol.
394 2801 428 2845 I.
462 2809 759 2850 erotematum
789 2807 1056 2866 Appendix‚
1080 2809 1419 2855 elementorum
1460 2808 1790 2863 arithmeticae,
1832 2804 2141 2862 ge⁰dae⁸iaes
2167 2806 2358 2863 ⁰Pti⁰ae²

48 2895 51 2907 .
107 2862 403 2935 catoptricae,
438 2871 813 2930 scenographiae,
845 2875 1050 2920 theoriae
1079 2875 1387 2934 planetarum,
1419 2874 1676 2932 logistica&
1717 2870 2040 2925 astr⁰¹¹⁰¹¹¹iae²
2072 2871 2357 2929 astrologiae,

50 2958 52 2965 .
105 2935 316 2983 musicae,
347 2932 635 2979 mechanicae
669 2938 842 2996 (1596).

200 3057 211 3068 .
276 2994 447 3043 Paulus
468 2998 728 3058 Virdungus
760 3004 874 3050 baec
906 3006 1089 3051 nunciat
1111 3007 1310 3064 chlero
1345 3007 1412 3065 (in
1444 3006 1588 3052 literis
1621 3005 1668 3052 d.
1698 3004 1739 3050 d.
1764 3006 1832 3050 13.
1855 3004 1971 3059 Aug.
1994 3001 2152 3057 1603):
2189 3001 2358 3060 »Ὀᾶδῖ-

104 3055 292 3133 podius,
323 3062 396 3107 cui
426 3064 708 3112 familiariter
740 3071 943 3129 convixi,
985 3085 1085 3117 mea
1127 3073 1276 3130 opella
1305 3073 1351 3118 in
1383 3072 1624 3118 Pandectis
1664 3071 1758 3117 suis
1789 3066 2114 3115 mathematicis
2146 3068 2356 3123 (quarum

105 3119 359 3184 editionem,
390 3130 524 3176 modo
556 3134 779 3181 sumtibus
811 3136 1002 3195 aliisque
1034 3140 1301 3186 necessariis
1334 3139 1515 3197 adjutus
1549 3139 1734 3191 fuisset,
1769 3133 2061 3189 moliebatur)
2095 3130 2160 3177 uti
2190 3132 2356 3188 cogita-

105 3182 197 3233 ΒΜ·
241 3190 327 3247 Qui
356 3200 523 3252 tamen,
556 3212 657 3244 cum
686 3201 761 3245 vix
791 3203 935 3259 prima
955 3203 1250 3250 fundamenta
1276 3205 1476 3262 Jecisset,
1509 3205 1747 3249 immatura
1777 3209 1921 3247 morte
1942 3200 2220 3255 interceptus
2245 3198 2354 3243 est.“

105 3250 361 3332 Hansehius
401 3262 560 3310 refert:
611 3267 801 3320 „Libros
834 3283 941 3315 suos
972 3273 1306 3328 manuscriptos
1347 3283 1502 3315 omnes
1532 3268 1820 3326 Dasypodius
1852 3268 2043 3314 Hassiae
2073 3263 2356 3321 LandgrflVi⁰

106 3316 319 3395 Roiani-itio
351 3326 502 3383 legare
534 3334 856 3389 constituerat,
898 3343 950 3382 ut
979 3337 1282 3382 bibliothecae
1313 3337 1456 3393 ipsius
1490 3336 1843 3392 adJungerentur
1875 3333 1957 3378 sub
1989 3332 2143 3379 titulo:
2176 3330 2358 3375 Mauri·

105 3386 340 3433 &amarum
377 3392 731 3444 Institutionum
770 3400 1193 3448 mathematicarum
1233 3403 1339 3448 libri
1375 3401 1494 3454 XV,
1536 3401 1583 3444 in
1625 3399 1786 3456 quibus
1826 3399 2023 3444 omnium
2066 3394 2355 3443 scientiarum

104 3451 521 3504 mathematicarum
551 3462 837 3513 elementaris
878 3467 1104 3525 doctrina,
1145 3468 1344 3524 legitimo
1387 3473 1433 3511 et
1463 3479 1609 3511 rerum
1653 3472 1699 3509 et
1731 3463 2033 3508 doctrinarum
2073 3460 2228 3508 ordine
2266 3472 2356 3505 ser-

108 3526 234 3577 ”302
274 3526 571 3573 contineturf‘
612 3556 656 3565 —
690 3532 762 3578 De
798 3534 960 3581 iisdem
999 3535 1247 3593 Dasypodii
1277 3533 1657 3580 Institutionibus
1688 3533 1723 3575 B
1740 3543 1764 3574 e
1777 3543 1835 3574 rn
1850 3544 1874 3576 e
1885 3543 1949 3588 gg
1961 3542 2084 3575 erus
2123 3528 2236 3572 haec
2278 3526 2356 3573 dat

79 3578 304 3642 ¹Keplero
336 3590 398 3645 (in
429 3592 572 3640 literis
604 3597 647 3641 d.
678 3599 864 3656 Argent.
899 3602 969 3649 13.
997 3602 1100 3647 Jan.
1138 3600 1284 3656 1629);
1331 3599 1635 3645 Vehementer
1671 3601 1835 3654 expeto
1880 3596 2053 3642 consilii
2084 3595 2147 3641 tui
2179 3595 2354 3653 copiam

109 3644 165 3694 le
193 3657 458 3712 compendio
490 3662 829 3723 mathematico,
870 3679 954 3724 pro
994 3665 1213 3725 gymnasii
1255 3664 1398 3709 nostri
1439 3662 1659 3708 classibus
1691 3668 1767 3707 aut
1799 3661 2078 3707 conficiendo
2119 3668 2197 3707 aut
2232 3673 2255 3705 e
2286 3666 2356 3706 tot

71 3747 73 3751 -
109 3716 326 3766 consectis
350 3721 447 3778 ,iam
479 3738 534 3770 ac
564 3726 695 3772 editis
727 3729 948 3787 eligendo.
1007 3734 1122 3777 Nam
1154 3729 1546 3787 Dasypodianum,
1591 3741 1679 3785 quo
1711 3727 1928 3773 hactenus
1961 3727 2030 3772 usi
2062 3732 2169 3773 sunt
2197 3727 2353 3788 nostri,

110 3779 280 3828 nullum
310 3788 502 3845 amplius
533 3791 759 3839 invenitur
788 3797 909 3854 apud
940 3798 1224 3855 bibliopolas,
1259 3809 1340 3841 nec
1372 3795 1587 3840 recudere
1619 3807 1784 3852 operae
1804 3794 1997 3853 pretium
2021 3802 2090 3840 est
2113 3794 2169 3840 ob
2191 3795 2353 3855 imper·

73 3868 77 3889 ι
110 3841 360 3903 fictionem.
391 3854 478 3912 ipsi
508 3855 594 3902 tibi
624 3858 742 3906 forte
772 3875 862 3910 non
891 3864 1107 3923 ignotam,
1141 3863 1180 3909 si
1209 3875 1406 3920 unquam
1437 3861 1660 3919 inspicere
1694 3860 1905 3918 dignatus
1936 3859 2078 3908 fuisti.
2110 3887 2166 3896 —

195 3929 353 3974 xopleri
375 3930 499 3976 Opera
516 3933 619 3969 vm.
1953 3934 2007 3984 10
