2652 4088
1047 160 1128 217 111.
1159 161 1487 220 Astronomioa‚
2287 158 2393 228 253

307 314 432 373 Sunt
469 320 632 370 autem
670 312 868 372 tabulae
911 318 938 363 9
965 311 1177 373 ordines,
1220 327 1424 376 quorum
1463 315 1512 360 in
1554 311 1773 365 faciebus
1813 324 2091 373 sexagenae
2130 317 2178 365 et
2215 309 2395 373 gradus

137 387 309 454 plenae
347 387 693 450 intelligendae
731 393 857 445 sunt.
923 385 1114 439 Primus
1157 386 1290 446 ord0,
1331 388 1411 448 qui
1438 386 1633 436 Saturni
1675 391 1763 445 est,
1803 386 2004 434 retertur
2039 383 2100 433 ad
2130 391 2394 433 extremum

134 462 366 523 circulum
407 459 606 521 tabulae
644 458 854 518 mobilis.
916 458 1172 516 Secundus
1211 466 1285 515 est
1309 457 1455 512 ,Iovis
1495 466 1542 508 et
1580 459 1782 511 refertur
1821 456 1883 505 ad
1925 457 2156 506 circulum
2193 456 2392 505 tabulae

136 536 347 594 mobilis,
389 535 467 583 cui
499 528 558 601 Ἡ,
591 532 861 595 adscriptus
900 540 989 582 est.
1066 531 1259 581 Tertius
1298 530 1471 588 Martis
1511 538 1585 580 est
1624 538 1672 581 et
1709 530 1773 580 ad
1813 531 2005 579 tertium
2046 529 2275 580 circulum
2316 527 2395 578 ta-

138 607 283 667 bulae
331 605 525 658 mobilis
571 606 787 662 refertur.
863 603 1076 668 Quartus
1115 603 1294 655 Terrae
1335 613 1382 653 et
1421 604 1484 654 ad
1523 611 1751 667 quartum
1799 611 1946 667 atque
1998 603 2060 652 ad
2100 618 2392 665 mucronem,

139 683 338 743 quintus
379 681 580 728 Veneris
627 679 690 727 ad
737 679 961 742 quintum
1010 677 1279 740 duplicem,
1334 685 1451 728 nota
1489 674 1531 742 ῼ
1573 684 1821 737 notatum,
1862 683 2027 726 sextus
2069 677 2293 727 Mercurii
2335 675 2397 725 ad

139 765 328 809 sextum
369 752 625 817 duplicem,
665 760 782 800 nota
822 748 863 818 Q
908 758 1159 810 notatum,
1211 750 1430 801 refertur.
1506 750 1753 816 Septimus
1794 749 1910 798 ordo
1950 749 2118 799 Lunae
2158 757 2259 811 est,
2314 751 2396 813 qui

143 827 384 881 diversum
426 841 456 873 a
482 826 652 877 ceteris
691 823 884 872 titulum
924 825 1099 886 habet3
1139 838 1252 872 nam
1293 837 1377 888 pro
1417 826 1675 885 sexagenis
1715 825 1854 886 signa
1894 831 2063 872 notata
2101 831 2227 883 sunt,
2271 822 2397 873 unde

138 899 207 958 fit,
247 907 301 948 ut
338 901 491 963 prima
531 900 577 943 in
621 911 678 946 eo
718 899 867 945 series
916 911 1221 946 numerorum
1262 896 1323 945 ad
1369 902 1428 945 11
1475 899 1659 955 veniat,
1713 896 1926 945 secunda
1975 902 2163 944 tantum
2212 896 2272 944 ad
2314 901 2396 955 29,

142 987 251 1028 cum
289 974 335 1019 in
377 971 549 1026 ceteris
588 971 737 1017 series
777 972 929 1033 prima
966 971 1028 1026 ad
1071 975 1116 1028 ὃ,
1157 969 1373 1019 secunda
1411 968 1473 1017 ad
1515 974 1578 1025 59
1621 976 1857 1029 assurgat.
1934 968 2123 1018 Deinde
2165 971 2309 1017 etiam
2350 971 2396 1016 in

86 1057 94 1070 ·
144 1044 239 1095 hoc
275 1051 349 1099 est
390 1042 662 1102 diversitaS,
704 1042 836 1105 quod
875 1046 921 1090 in
966 1044 1200 1107 principio
1240 1043 1353 1091 anni
1399 1046 1535 1098 1500
1576 1056 1673 1090 non
1711 1041 1859 1090 habet
1899 1041 2079 1103 figuras
2120 1041 2271 1100 nihili,
2314 1041 2399 1090 sed

145 1131 429 1182 expressum
468 1129 737 1162 numerum.
811 1114 950 1163 Haec
991 1118 1153 1163 omnia
1193 1114 1301 1163 ideo
1341 1122 1478 1175 sunt,
1531 1117 1646 1177 quia
1694 1114 1800 1176 ejus
1840 1116 1980 1176 signa
2019 1122 2066 1163 et
2104 1115 2283 1177 gradus
2323 1117 2399 1161 in-

146 1189 411 1252 telligenda
447 1195 560 1237 sunt
598 1187 656 1235 de
696 1189 876 1235 extimo
905 1188 1100 1246 circulo,
1140 1187 1343 1236 zodiaco
1382 1188 1582 1248 scilicet,
1623 1189 1705 1250 qui
1746 1194 1903 1235 terrea
1930 1187 2129 1235 brachia
2166 1194 2325 1250 gestat
2351 1194 2399 1235 et

143 1264 364 1326 subjecto
405 1262 537 1324 ligno
579 1260 887 1309 immobiliter
925 1269 999 1310 est
1037 1261 1225 1309 affixus.
1302 1260 1526 1310 Refertur
1565 1263 1730 1323 itaque
1772 1260 1850 1309 ille
1892 1260 2007 1308 ordo
2048 1260 2109 1308 ad
2148 1260 2401 1309 zodiacum

144 1345 192 1386 et
232 1335 466 1398 regulam,
505 1342 747 1397 quatenus
786 1333 856 1380 illi
895 1334 1063 1397 regula
1102 1333 1248 1381 affixa
1289 1342 1378 1382 est.
1437 1333 1655 1382 Octavus
1696 1333 1812 1381 ordo
1853 1347 2160 1382 numerorum
2201 1334 2400 1382 refertur

144 1408 206 1465 ad
245 1417 398 1458 rotam
426 1407 595 1460 Lunae
635 1421 836 1471 parvam
875 1415 923 1455 et
963 1407 1021 1457 de
1048 1407 1259 1455 numeris
1300 1407 1349 1454 in
1387 1407 1493 1469 ejus
1533 1415 1668 1470 tergo
1695 1408 1899 1469 signatis
1939 1406 2283 1469 intelligendus
2312 1413 2399 1458 cst.

144 1482 372 1545 Denique
411 1495 567 1533 nonus
607 1479 724 1528 ordo
765 1487 839 1528 est
878 1480 1064 1543 Capitis
1103 1480 1366 1539 DracoriiS‚
1418 1481 1501 1542 qui
1541 1482 1687 1529 etiam
1727 1479 1788 1527 ad
1828 1478 2083 1529 zodiacum
2122 1479 2400 1541 referendus

144 1563 232 1617 est,
272 1556 496 1628 qtiamvis
535 1568 620 1618 pro
659 1567 711 1606 se
750 1554 856 1610 sine
895 1553 1062 1617 aliquo
1103 1552 1280 1607 circulo
1322 1553 1528 1615 intelligi
1571 1554 1740 1617 possit,
1782 1561 1834 1601 ut
1870 1553 2139 1606 audiemus.

316 1625 514 1681 Utilitas
553 1625 829 1674 tabularum
854 1628 1115 1691 separatim
1145 1626 1559 1678 consideratarum
1600 1626 1720 1681 haec
1759 1634 1846 1686 est,
1888 1627 2019 1690 quod
2059 1642 2117 1676 ex
2158 1627 2215 1675 iis
2242 1631 2402 1675 motus

141 1701 443 1767 planetarum
497 1701 618 1748 inter
652 1714 705 1748 se
756 1714 905 1753 causa
945 1699 1205 1749 celeritatis
1245 1708 1293 1750 et
1333 1700 1575 1755 tarditatis
1624 1714 1901 1763 comparare
1943 1715 2217 1764 possumus.
2292 1699 2402 1755 Hoc

144 1782 305 1825 autem
345 1775 435 1824 etsi
473 1775 519 1820 iu
560 1772 775 1822 secunda
814 1780 950 1836 parte
989 1773 1264 1822 tabularum
1289 1773 1580 1835 generaliter
1618 1773 1677 1822 de
1718 1774 1942 1822 omnibus
1981 1788 2155 1822 novem
2188 1775 2400 1823 motibus

142 1862 311 1897 verum
347 1854 447 1907 est,
488 1854 648 1895 tamen
686 1845 745 1902 de
782 1840 838 1910 b,
884 1841 944 1913 Ἡ,
989 1853 1038 1896 et
1077 1846 1249 1910 Capite
1291 1847 1550 1907 DraconiS,
1591 1854 1644 1906 ut
1684 1845 1742 1894 de
1782 1847 2104 1907 tardioribus,
2157 1849 2204 1894 in
2247 1850 2401 1911 prima

140 1928 279 1985 parte
316 1920 591 1974 tabularum
638 1921 814 1968 rectius
853 1919 954 1973 fieri
994 1926 1169 1983 potest.
1245 1919 1482 1969 Videmus
1524 1922 1680 1981 enim,
1718 1914 1756 1984 T)
1800 1923 1939 1971 annis
1980 1925 2079 1986 30,
2118 1920 2278 1985 Caput
2319 1925 2401 1982 19,

143 1994 192 2055 'li
235 1999 298 2045 12
339 1994 603 2061 circumire.
679 1991 778 2042 Sed
818 1991 938 2041 haec
977 1994 1161 2055 obiter;
1195 1992 1299 2055 jam
1338 1993 1402 2042 ad

1007 2125 1219 2178 Praxin
1255 2126 1531 2178 'theoriae

144 2211 447 2269 accedemus,
522 2211 667 2260 Initio
718 2209 921 2266 docendi
971 2219 1084 2259 sunt
1133 2211 1341 2262 studiosi
1378 2213 1691 2266 additionem
1731 2213 2143 2264 astronomicam.
2218 2211 2401 2263 Notum

144 2294 311 2343 autem
349 2292 451 2344 est,
494 2290 560 2334 60
601 2299 760 2349 scrup.
801 2284 990 2341 efficere
1036 2281 1103 2345 1⁰,
1146 2283 1239 2338 60⁰
1279 2300 1422 2336 unam
1474 2300 1765 2347 sexagenum
1817 2292 1864 2334 et
1905 2291 1932 2335 6
1974 2300 2245 2348 sexagenas
2296 2302 2402 2343 esse

143 2360 380 2421 integrum
421 2358 668 2410 circulum,
744 2357 800 2405 In
842 2357 1008 2406 Lunae
1048 2372 1164 2406 vcro
1203 2362 1416 2409 numeris
1458 2358 1551 2409 30⁰
1589 2358 1802 2407 efficiunt
1839 2360 2028 2422 signum
2069 2366 2117 2407 et
2160 2364 2221 2408 12
2262 2361 2402 2423 signa

144 2431 391 2489 circulum.
465 2431 735 2495 I’ropositis
775 2444 890 2493 ergo
933 2436 961 2482 3
1005 2430 1082 2479 vel
1132 2440 1444 2496 quotcunque
1495 2433 1708 2483 numeris
1760 2433 1965 2481 invicem
2019 2431 2281 2497 addendiS‚
2332 2435 2402 2482 sic

142 2505 407 2567 agendum:
449 2506 601 2569 primo
641 2502 927 2557 collocanda
963 2510 1078 2557 sunt
1114 2506 1340 2570 scrupula
1382 2507 1522 2562 unius
1561 2506 1744 2554 numeri
1783 2506 1872 2553 sub
1910 2505 2149 2569 scrupulis
2187 2506 2401 2568 alteriuS,

143 2577 324 2645 gradus
359 2578 454 2635 sub
492 2577 740 2640 gradibus,
779 2592 1055 2639 sexagenae
1080 2578 1172 2626 sub
1198 2581 1473 2640 sexagenis.
1538 2577 1729 2627 Deinde
1768 2578 2009 2627 subducta
2047 2579 2175 2627 linea
2214 2581 2400 2629 initium

145 2650 409 2708 additionis
447 2651 548 2706 ficri
588 2650 733 2705 debet
773 2666 802 2699 a
841 2650 1079 2715 scrupulis
1118 2651 1180 2699 ad
1219 2653 1479 2704 sinistram.
1556 2651 1757 2701 Summa
1802 2651 2135 2716 scrupulorum
2176 2653 2400 2716 ponenda

146 2731 220 2774 est
255 2725 347 2774 sub
385 2724 579 2783 lineam,
620 2726 660 2772 si
701 2724 845 2778 suerit
883 2725 1038 2782 minor
1080 2729 1170 2786 603
1221 2727 1294 2774 sin
1335 2726 1504 2788 major,
1546 2725 1822 2789 ponendum
1863 2728 1953 2774 erit
1991 2724 2224 2788 quidquid
2254 2741 2399 2791 supra

149 2802 214 2852 60
256 2796 333 2846 vel
373 2798 448 2850 bis
489 2802 555 2845 60
596 2804 687 2846 etc.
729 2796 972 2851 residuum
1012 2798 1113 2846 erit.
1191 2795 1285 2847 Ubi
1326 2799 1589 2857 discessisti
1630 2814 1660 2846 a
1697 2799 1950 2861 scrupulis,
1989 2797 2224 2861 graduum
2265 2815 2398 2847 sum,-

149 2884 278 2923 mam
315 2871 536 2918 similiter
574 2869 763 2932 collige.
827 2868 915 2917 Cui
955 2885 1175 2920 summae
1216 2878 1288 2926 tot
1326 2872 1478 2921 addes
1518 2874 1742 2931 unitates,
1785 2874 1975 2934 quoties
2015 2872 2305 2935 ascrupulis
2333 2877 2396 2922 60

146 2943 367 3005 rejecisti.
441 2942 691 2992 Summam
739 2957 928 2992 omnem
982 2943 1169 2996 colloca
1222 2946 1314 2998 sub
1352 2945 1545 3004 lineam,
1586 2947 1626 2993 si
1665 2946 1730 2993 sit
1767 2947 1921 2992 minor
1963 2949 2059 3005 603
2113 2947 2186 2993 sin
2227 2945 2395 3007 maior,

145 3030 237 3079 age
276 3023 329 3064 ut
366 3029 474 3064 cum
514 3015 767 3080 scrupulis.
835 3015 1060 3078 Denique
1101 3019 1247 3066 etiam
1288 3032 1558 3080 sexagenas
1599 3016 1815 3080 colligeS‚
1858 3016 2159 3080 adjungens,
2201 3020 2241 3065 si
2281 3017 2399 3080 quid

147 3103 179 3138 a
214 3088 445 3152 gradibus
485 3090 756 3146 accesserit.
833 3088 875 3138 A
915 3103 1104 3137 summa
1142 3105 1492 3152 sexagenarum
1532 3105 1722 3154 semper
1759 3090 1931 3152 rejice,
1971 3091 2009 3137 si
2051 3097 2186 3138 tanta
2226 3098 2323 3144 est.
2367 3095 2395 3138 6

147 3175 443 3223 sexagenas,
484 3164 602 3224 quia
638 3169 750 3211 sunt
789 3161 975 3224 integer
1019 3162 1253 3222 circulus3
1305 3163 1548 3213 residuum
1590 3162 1776 3211 colloca
1815 3163 1904 3210 sub
1946 3161 2136 3213 lineam.
2217 3162 2399 3211 Eadem

147 3237 270 3283 ratio
309 3242 382 3284 est
421 3236 468 3281 in
509 3234 659 3292 Luna,
699 3235 789 3282 nisi
830 3234 960 3296 quod
1001 3234 1122 3283 haec
1161 3235 1438 3290 adhibenda
1476 3236 1682 3298 diligens
1711 3237 1888 3295 cautio,
1930 3242 1982 3282 ut
2022 3249 2104 3297 pro
2136 3240 2200 3284 30
2231 3243 2277 3284 et
2304 3251 2399 3285 non

146 3321 232 3371 pro
274 3313 339 3357 60
382 3309 614 3356 unitatem
654 3306 857 3369 adjicias
896 3309 1143 3369 signorum
1183 3322 1417 3367 summae,
1459 3322 1608 3370 qnare
1648 3322 1837 3355 summa
1874 3307 2111 3370 graduum
2152 3322 2398 3372 nunquam

151 3379 297 3429 debet
346 3394 575 3443 superare
616 3384 699 3429 30.
774 3377 897 3427 Item
953 3379 1012 3428 de
1062 3394 1250 3430 summa
1295 3382 1543 3444 signorum
1591 3380 1854 3442 rejicienda
1899 3385 1987 3441 12,
2041 3395 2136 3431 non
2179 3386 2224 3430 6.
2302 3380 2399 3431 Sed

151 3451 273 3501 haec
311 3455 474 3500 omnia
510 3451 732 3514 exempla
771 3450 1027 3508 docebunt.

324 3523 379 3572 In
420 3523 704 3586 colligendis
753 3524 900 3583 igitur
939 3538 994 3571 ex
1034 3523 1224 3572 theoria
1261 3523 1380 3573 locis
1432 3523 1735 3587 planetarum
1775 3524 2014 3586 generalis
2054 3525 2133 3575 hic
2172 3533 2246 3575 est
2284 3542 2399 3591 pro·-

154 3610 334 3648 cessus.
412 3594 607 3644 Initium
647 3595 792 3645 debet
829 3609 1018 3658 semper
1058 3595 1156 3643 fleri
1196 3595 1364 3646 aSole
1404 3596 1482 3650 vel
1520 3613 1550 3648 a
1588 3597 1752 3656 Terra,
1794 3597 1885 3647 boc
1924 3606 2096 3662 pacto:
2137 3614 2242 3649 cum
2271 3615 2398 3651 anno

152 3669 403 3734 proposito
442 3668 689 3729 ingredere
728 3668 927 3730 primam
967 3675 1152 3730 partem
1191 3668 1479 3727 tabularum,
1522 3684 1629 3719 cum
1667 3669 1744 3720 dic
1773 3672 1948 3720 mensis
1973 3672 2248 3733 secundam,
2290 3689 2399 3724 cum

153 3741 273 3792 hora
326 3743 514 3792 tertiam
564 3750 612 3791 et
661 3754 863 3804 excerpe
915 3748 1011 3789 tres
1061 3755 1364 3790 numerorum
1419 3742 1599 3791 classes
1655 3744 1745 3791 sub
1797 3743 1937 3792 titulo
1976 3743 2152 3796 Terrae
2200 3749 2304 3796 sive
2351 3750 2398 3796 in

154 3822 327 3878 quarto
367 3813 559 3874 ordine;
603 3819 853 3877 excerptos
893 3827 1057 3863 omncs
1097 3811 1226 3862 dicto
1266 3813 1409 3863 modo
1436 3813 1577 3865 addc.
1642 3813 1902 3866 Numerum
1930 3819 2012 3880 qui
2040 3819 2196 3883 prodit
2223 3836 2400 3883 quaere

155 3888 204 3940 in
243 3889 431 3943 theoria
468 3888 516 3939 in
554 3887 673 3943 orbe
709 3885 889 3936 Terrae
929 3886 1242 3950 tabulamque
1282 3894 1385 3941 tum
1425 3887 1507 3938 diu
1546 3902 1714 3951 move,
1755 3887 1908 3948 donec
1945 3906 2108 3943 mucro
2148 3892 2399 3958 designato
