2652 4088
290 165 396 241 292
881 180 1169 226 Collectanea
1200 193 1256 225 ex
1287 180 1519 226 codicibus
1551 179 1942 225 Pulkoviensibus.

293 339 450 381 tenus.
510 329 569 376 In
593 343 796 388 summa,
837 328 979 391 polus
1019 328 1280 376 hodiernus
1320 328 1486 375 mundi
1511 343 1635 391 pene
1673 328 1861 376 medius
1901 333 1977 375 est
2014 328 2138 375 inter
2176 326 2341 389 polum
2371 329 2546 376 veteris

291 401 677 465 aequinoctialiS,
721 415 866 462 quem
907 400 1023 448 dicit
1060 401 1139 448 hic
1166 399 1397 462 Scaliger,
1439 408 1488 449 et
1524 403 1647 449 inter
1674 402 1992 463 Cynosuram.
2055 400 2229 461 Itaque
2268 414 2375 447 cum
2401 401 2548 449 hodie

295 477 550 539 Cynosura
590 473 737 521 distet
775 473 932 520 indice
972 472 1223 535 Scaligero
1263 487 1350 535 per
1390 471 1447 521 3⁰
1486 488 1515 520 a
1553 474 1667 535 polo
1707 472 1874 521 mundi
1911 479 2103 532 nostro,
2156 475 2261 534 ipse
2300 473 2415 520 facit
2453 473 2548 520 dif-

290 549 561 605 ferentiam,
603 545 767 594 dicens
806 561 836 593 a
876 545 1132 607 Cynosura
1175 542 1281 604 18⁰,
1319 560 1349 592 a
1386 545 1501 607 polo
1541 546 1706 593 mundi
1752 545 1857 594 15⁰.

463 619 651 680 Pergit:
693 620 976 665 Culminabat
997 634 1097 665 cum
1124 621 1201 666 18⁰
1220 620 1384 665 Librae
1407 621 1664 675 hodiernae,
1690 634 1807 676 quae
1839 626 1937 665 erat
1965 620 2039 664 14⁰
2058 619 2254 675 Virginis
2276 620 2354 665 illo
2379 620 2547 666 seculo.

291 691 420 741 Sane
460 692 501 739 si
542 698 655 739 tunc
694 689 899 738 circulus
940 691 1066 738 circa
1090 690 1257 752 polum
1293 690 1460 737 mundi
1499 690 1781 739 hodiernum
1823 698 1870 738 et
1908 703 2004 737 non
2029 691 2192 751 potius
2232 691 2358 738 cirea
2385 690 2550 753 polum

242 799 247 809 ,.
292 764 638 829 parallelorum
667 762 879 821 Eudoxi,
922 762 1052 824 quod
1081 763 1277 824 quidem
1303 765 1521 824 sequitur
1547 763 1778 825 Scaliger.
1838 761 2080 823 Quorsum
2106 763 2253 825 igitur
2277 763 2554 823 aequator‘?
2634 753 2652 779 ‘¹

465 836 579 886 Jam
605 835 753 899 paulo
793 836 1009 883 saniora:
1051 839 1183 884 Unde
1213 839 1352 895 igitur
1373 839 1613 884 solstitium
1646 840 1862 884 committi
1892 839 1939 882 in
1969 844 2130 884 octava.
2160 846 2289 894 parte
2322 838 2436 895 signi
2457 839 2547 882 col-

290 905 491 963 ligebant
512 911 687 950 veteres
716 903 795 959 illi,
828 903 936 947 satis
963 904 1058 959 jam
1091 904 1304 960 diximus,
1337 917 1498 961 nempe
1532 905 1651 960 quod
1683 905 1760 949 ubi
1791 904 1877 948 fuit
1906 903 2205 960 novilunium,
2236 903 2555 959 imponebant

291 972 443 1016 sedem
466 970 658 1015 cardinis
681 968 850 1013 aestivi.
883 969 991 1028 Fuit
1012 975 1159 1014 autem
1182 970 1456 1014 novilunium
1479 970 1761 1027 Olympicum
1782 970 1828 1013 in
1849 971 1900 1015 8⁰
1917 975 1987 1025 Ξ,
2005 969 2085 1014 sed
2115 970 2191 1013 alii
2220 976 2323 1026 post
2345 970 2555 1015 dixerunt

291 1037 532 1082 solstitium
553 1035 651 1080 fieri
670 1036 715 1079 in
727 1035 821 1091 10⁰,
844 1034 918 1077 alii
939 1035 982 1077 in
1006 1035 1098 1090 12⁰,
1122 1035 1197 1078 alii
1218 1037 1264 1080 in
1288 1037 1377 1080 15⁰.
1410 1037 1531 1080 Haec
1555 1037 1704 1079 omnia
1727 1035 1983 1091 ostendunt,
2004 1035 2105 1078 illos
2126 1040 2299 1079 veteres
2323 1048 2554 1091 praegres-

291 1103 441 1147 siones
464 1099 815 1158 aequinoctiales
848 1100 1058 1145 odoratos
1089 1100 1244 1146 fuisse.
1298 1099 1486 1147 Deinde
1526 1114 1583 1147 ex
1613 1098 1768 1146 Statio
1798 1106 1845 1146 et
1871 1097 2074 1146 Manilio
2114 1099 2302 1160 aliqua,
2354 1100 2403 1145 in
2445 1101 2555 1160 qui·

293 1174 384 1220 bus
424 1171 740 1221 conciliandis
779 1170 923 1218 sudat
962 1170 1196 1234 Scaliger.
1273 1171 1443 1233 Ponit,
1483 1172 1621 1219 initio
1663 1169 2007 1234 Olympiadum
2048 1178 2216 1218 notum
2266 1172 2415 1219 fuisse
2455 1172 2555 1218 dis·
2635 1215 2652 1235 f

297 1248 474 1294 crimen
503 1247 628 1293 inter
654 1243 819 1292 Solem
859 1245 904 1290 in
936 1242 993 1291 Ο0
1021 1241 1085 1310 ὓ
1117 1251 1164 1292 et
1190 1244 1402 1306 Lunam3
1443 1244 1746 1293 novilunium
1775 1244 1923 1306 vulgo
1951 1259 2036 1306 per
2073 1244 2283 1292 solstitia
2319 1244 2554 1293 habitum.

297 1321 464 1366 Omnes
496 1319 715 1376 astrologi
747 1323 851 1364 ante
883 1319 1193 1377 Olympiadem
1226 1321 1294 1365 36.
1327 1320 1559 1377 dicebant,
1603 1338 1782 1377 κεντρον
1813 1327 1992 1378 θεριυον
2018 1320 2117 1364 fieri
2146 1319 2192 1363 in
2222 1319 2272 1364 8⁰
2294 1325 2374 1371 ΞΒ,
2407 1319 2552 1364 donec
2627 1324 2652 1380 ,χ’

295 1391 402 1444 post
431 1400 570 1431 annos
608 1388 691 1433 140
724 1388 780 1431 ab
811 1385 939 1429 initio
973 1385 1251 1442 Olympiadis
1284 1385 1644 1430 animadversum
1675 1391 1766 1441 est,
1809 1386 1982 1430 duabus
2014 1384 2219 1441 partibus
2252 1385 2444 1428 solstitia
2475 1398 2552 1428 an-

295 1451 526 1509 ticipasse,
559 1453 697 1507 igitur
729 1452 954 1506 dixerunt,
987 1467 1166 1505 κεντρον
1197 1457 1380 1505 &somma
1413 1465 1512 1501 esse
1543 1453 1588 1496 in
1619 1454 1699 1497 ‘10⁰
1720 1457 1788 1503 ΞΒ.
1851 1452 1911 1496 Et
1944 1452 2043 1507 quis
2082 1451 2170 1495 hoc
2200 1450 2553 1494 animadvertere

296 1517 446 1574 potuit
485 1522 666 1573 praeter
704 1517 830 1571 11108,
875 1518 952 1573 qui
983 1517 1038 1562 de
1081 1517 1166 1562 hac
1196 1530 1246 1561 re
1275 1517 1414 1562 libros
1453 1518 1757 1573 reliquerunt,
1798 1518 2032 1562 Thaletem
2065 1524 2110 1561 et
2142 1517 2557 1561 Anaximandrum?

297 1583 409 1627 Post
454 1595 596 1627 annos
627 1584 713 1628 280
745 1596 771 1626 a
801 1583 947 1639 prima
978 1581 1241 1639 Olympiade
1280 1583 1374 1639 jam
1420 1586 1500 1628 12⁰
1538 1585 1768 1639 ingressus
1814 1584 1930 1628 Solis
1963 1590 2235 1639 recesserat,
2280 1582 2349 1626 vel
2392 1587 2443 1625 nt
2473 1581 2560 1637 ipsi

296 1647 612 1704 loquebantur,
646 1647 822 1692 duabus
854 1647 1022 1703 quintis
1054 1649 1187 1692 unius
1220 1649 1348 1704 signi,
1383 1649 1562 1704 quando
1585 1650 1660 1694 Sol
1691 1650 1946 1705 ingrediens
1970 1650 2144 1703 signum
2167 1649 2333 1692 Leonis
2355 1647 2560 1692 hodierni

295 1718 404 1757 tunc
427 1711 620 1756 faciebat
643 1711 884 1756 solstitium
905 1712 976 1755 vel
998 1713 1173 1757 initium
1196 1715 1355 1758 Cancri
1376 1715 1555 1758 illorum
1575 1721 1841 1771 temporum.
1890 1715 1988 1758 Hoc
2017 1714 2175 1769 procul
2205 1714 2340 1759 dubio
2363 1712 2559 1758 animad-
2622 1727 2644 1762 4

297 1778 432 1822 vertit
479 1776 756 1822 Cleostratus
805 1777 1045 1823 Tenedius.
1117 1779 1220 1823 Non
1265 1779 1411 1823 solum
1460 1781 1577 1823 enim
1626 1780 1777 1824 floruit
1822 1779 1941 1824 circa
1988 1793 2155 1823 anuum
2196 1781 2294 1826 280.
2353 1794 2379 1823 a
2419 1779 2562 1835 prima
2632 1815 2635 1838 ;

300 1841 580 1900 Olympiade,
616 1842 695 1886 sed
729 1843 861 1887 etiam
893 1843 1038 1898 prima
1067 1844 1234 1888 Arietis
1268 1850 1312 1887 et
1337 1843 1566 1899 Sagittarii
1598 1845 1907 1901 deprehendit,
1940 1851 1989 1889 ut
2019 1851 2214 1889 testatur
2234 1845 2419 1899 Plinius,
2451 1845 2495 1889 h.
2520 1857 2559 1890 e.
2639 1891 2642 1894 ,

304 1907 558 1952 observavit
580 1907 730 1952 Solem
750 1908 925 1965 ingredi
948 1922 1029 1953 suo
1054 1909 1206 1954 seculo
1230 1909 1276 1953 in
1297 1910 1517 1966 principio
1537 1910 1759 1955 asterismi
1779 1909 2021 1965 Sagittarii,
2035 1911 2156 1967 quod
2174 1911 2453 1956 verissimum
2477 1917 2559 1958 est.
2629 1909 2652 1930 ’”’

303 1978 380 2026 Ibi
420 1991 549 2026 error
587 1978 969 2041 typographicus
1012 1980 1266 2027 obscurum
1308 1994 1502 2027 sensum
1542 1980 1723 2041 reddit,
1779 1983 1917 2043 quasi
1959 1981 2052 2029 hoc
2092 1981 2289 2030 dixerit:
2332 1996 2438 2030 cum
2476 1980 2562 2030 Sol
2616 2011 2633 2042 4ς,

303 2065 416 2099 vere
457 2049 801 2113 Capricornum
844 2051 1134 2114 ingreditur,
1177 2052 1354 2115 vulgus
1382 2068 1490 2100 eum
1518 2061 1682 2102 censet
1722 2055 1940 2104 obtinere
1980 2053 2139 2103 adhuc
2183 2053 2274 2103 18⁰
2306 2053 2378 2113 ,Α
2457 2054 2559 2102 Eu-

308 2123 437 2172 doxo
470 2123 639 2171 tribuit
683 2123 774 2172 14⁰
800 2124 1078 2173 distantiam
1120 2121 1241 2190 a&
1272 2126 1408 2174 initio
1451 2124 1646 2190 Olymp.
1687 2143 1731 2178 a.
1777 2133 1902 2187 420,
1944 2133 1992 2177 et
2031 2129 2102 2176 sic
2140 2129 2330 2175 initium
2363 2123 2452 2177 15⁰
2479 2123 2562 2194 «ὓ,

309 2211 367 2246 eo
408 2195 538 2257 quod
579 2197 771 2245 coluros
811 2211 894 2260 per
935 2198 1093 2246 media
1132 2199 1272 2261 signa
1312 2198 1534 2248 traducat
1563 2209 1609 2248 ct
1638 2200 1946 2264 Hipparchus
1988 2200 2045 2249 de
2088 2215 2144 2250 eo
2174 2200 2391 2260 affirmet,
2434 2199 2563 2262 quod

308 2272 354 2316 in
395 2268 566 2317 mediis
617 2271 766 2332 signis
814 2290 900 2328 τας
937 2290 1119 2335 τροπας
1159 2276 1338 2334 τιθησι.
1417 2272 1579 2320 Velim
1632 2274 1900 2323 addidisset
1955 2275 2127 2335 verba,
2181 2289 2304 2336 quae
2343 2273 2564 2335 subjecta

308 2344 376 2390 ait
414 2343 476 2389 ab
514 2341 813 2406 Hipparche.
892 2343 1017 2392 Nam
1057 2344 1320 2407 proclivius
1362 2351 1433 2394 est
1474 2345 1665 2396 credere
1705 2347 1987 2410 Hipparcho
2041 2346 2099 2397 de
2138 2346 2368 2408 Eudoxo,
2420 2361 2566 2408 quam
2640 2363 2645 2370 ’

308 2414 436 2464 Scali
477 2429 572 2466 ere.

441 2430 617 2536 gBene
657 2487 751 2537 hue
790 2487 1076 2551 Sosigenem
1116 2490 1466 2551 accommodat,
1510 2487 1587 2543 qui
1618 2489 1689 2534 25.
1723 2488 2062 2546 Martiijposuit
2092 2488 2343 2544 ingressum
2375 2487 2490 2533 Solis
2520 2487 2565 2533 in

312 2556 525 2601 Arietem.
589 2557 676 2602 Sed
709 2563 814 2613 post
845 2557 1028 2602 caedem
1063 2559 1268 2604 Caesaris
1298 2560 1551 2615 ingressum
1583 2555 1698 2602 Solis
1729 2555 1775 2598 in
1809 2555 2004 2598 Arietem
2036 2554 2197 2599 statuit
2227 2554 2272 2597 in
2309 2555 2376 2599 17.
2399 2552 2574 2606 Martii,
2636 2592 2638 2594 ,

309 2635 444 2679 quam
487 2621 742 2678 opinionem
781 2622 962 2678 sequuti
999 2629 1104 2667 sunt
1144 2622 1329 2669 Ovidius
1371 2631 1417 2670 et
1450 2622 1707 2670 Columella.
1783 2618 1948 2680 Ipsum
2011 2617 2204 2680 quidem
2263 2620 2347 2666 25.
2401 2615 2564 2664 Martii

2612 2171 2633 2332 ⁴⁷*2-“ffi
2616 2119 2633 2152 .·,Ί
2621 2084 2630 2094 0
2619 2042 2627 2056 -

308 2691 500 2740 videtur
538 2706 594 2739 cx
634 2690 901 2755 Hipparchi
941 2694 1183 2740 sententia
1222 2695 1472 2756 posuisse,
1515 2693 1691 2740 dubius
1731 2691 1847 2752 quid
1887 2690 1945 2739 de
1987 2689 2044 2739 8⁰
2071 2687 2136 2757 ὓ
2179 2689 2384 2750 diceret,
2426 2694 2563 2751 post·
2592 2686 2617 2754 J

313 2779 375 2813 an
413 2770 721 2827 proponeret.
796 2764 858 2811 Et
897 2765 1018 2812 bene
1056 2771 1220 2823 notat,
1264 2782 1293 2813 a
1336 2772 1416 2815 17.
1460 2767 1600 2814 Mart.
1643 2763 1706 2812 ad
1749 2768 1792 2811 1.
1836 2763 1950 2826 Apr.
1991 2777 2096 2811 esse
2136 2762 2238 2811 dies
2283 2766 2373 2822 15,
2425 2761 2600 2831 quasi<

312 2836 545 2886 Eudoxus
585 2838 820 2899 tropicum
862 2837 909 2883 in
954 2842 1034 2886 17.
1073 2837 1253 2896 Martii,
1294 2840 1656 2900 aequinoctium
1694 2837 1742 2883 in
1787 2842 1832 2885 1.
1875 2837 1989 2900 Apr.
2030 2837 2291 2899 posuisset.

486 2909 647 2958 Velim
686 2916 846 2958 tamen
886 2911 1021 2971 scire,
1064 2910 1190 2959 unde
1231 2911 1324 2958 hoc
1362 2910 1578 2974 Scaliger
1606 2910 1664 2957 de
1691 2909 1939 2971 Sosigene,
1982 2908 2113 2971 quod
2155 2911 2257 2971 ipse
2296 2914 2465 2956 auctor
2503 2907 2588 2954 sit

319 2988 398 3033 17.
426 2982 632 3031 Martii?
694 2981 817 3030 Nam
846 2982 1032 3030 Plinius
1071 2983 1163 3031 hoc
1202 2989 1388 3031 tantum
1428 2984 1600 3032 habet:
1645 2981 1924 3044 „Addidere
1966 2981 2298 3031 difficultatem
2337 2979 2411 3048 (τῃ
2451 2998 2562 3043 7190-
2608 3005 2610 3008 ·

314 3053 537 3120 σημασιᾳ)
575 3062 621 3104 et
659 3062 882 3104 auctores
909 3055 1113 3104 diversis
1151 3058 1198 3102 in
1240 3056 1359 3104 locis
1400 3055 1721 3115 observando,
1762 3071 1875 3103 mox
1901 3057 2047 3103 etiam
2087 3058 2136 3102 in
2165 3053 2334 3102 iisdem
2375 3052 2588 3100 diversa‘

315 3128 579 3191 prodendo,
646 3128 765 3176 Tres
791 3134 954 3176 autem
980 3128 1112 3178 fuere
1139 3135 1328 3178 sectae:
1371 3129 1632 3189 Chaldaea,
1678 3129 1935 3192 Aegyptia,
1979 3128 2182 3179 Graeca.
2258 3127 2350 3175 His
2379 3125 2563 3173 addidit
2603 3128 2606 3133 '

315 3201 447 3264 apud
483 3216 572 3250 nos
611 3207 832 3263 quartam
874 3202 1055 3250 Caesar
1093 3201 1322 3261 dictator,
1378 3216 1531 3250 annos
1571 3202 1632 3250 ad
1671 3201 1800 3249 Solis
1839 3215 2030 3250 cursum
2069 3201 2292 3263 redigens
2331 3197 2569 3262 singulm,
2650 3261 2652 3267 Ι

317 3273 579 3337 Sosigene,
627 3275 782 3336 perito
835 3276 1064 3323 scientiae
1105 3275 1235 3336 eJuS,
1283 3274 1519 3323 adhibite.
1599 3275 1658 3321 Et
1697 3289 1755 3322 ea
1791 3276 1898 3337 ipsa
1935 3277 2058 3322 ratio
2107 3279 2280 3337 postea
2318 3280 2560 3334 comperto

319 3361 474 3395 errore
514 3353 727 3395 correcta
766 3352 853 3407 est,
893 3350 961 3396 ita
999 3354 1050 3394 ut
1093 3353 1155 3396 12
1197 3351 1337 3396 annis
1376 3348 1616 3396 continuis
1644 3361 1738 3395 non
1766 3347 2143 3407 intercalaretur,
2185 3348 2301 3408 quia
2339 3347 2562 3407 coeperat

318 3418 478 3467 sidera
515 3434 670 3467 annus
708 3421 898 3479 morari,
939 3421 1021 3482 qui
1064 3422 1193 3483 prius
1232 3421 1564 3470 antecedebat.
1629 3420 1689 3467 Et
1715 3419 1976 3482 Sosigenes
2014 3422 2117 3483 ipse
2158 3420 2293 3467 trinis
2321 3431 2563 3466 commen-
2647 3438 2652 3453 ·

320 3493 600 3551 tationibus,
642 3507 920 3555 quanquam
960 3493 1236 3554 diligentior
1273 3499 1404 3542 esset
1440 3494 1638 3552 ceteris,
1678 3507 1771 3540 non
1815 3494 2026 3541 cessavit
2063 3498 2225 3540 tamen
2265 3490 2561 3546 addubitare,

325 3567 428 3627 ipse
467 3571 620 3613 semet
660 3565 993 3627 corrigendo.“
1073 3566 1212 3615 Haec
1250 3566 1313 3614 ad
1346 3579 1645 3631 parapegma
1682 3565 1947 3626 referenda,
1986 3565 2122 3613 locus
2161 3566 2265 3628 ipse
2303 3563 2484 3611 indicat
2520 3565 2566 3633 et

322 3640 524 3686 materia
561 3639 755 3699 rustica,
797 3646 843 3686 et
881 3638 1159 3688 immediate
1198 3639 1559 3703 praecedentia:
1610 3636 1952 3702 προχειμαζειν,
1994 3635 2324 3702 ἐπιχειμαζειν,
2373 3641 2420 3684 et
2458 3645 2564 3682 eum

323 3709 482 3762 addit:
518 3710 730 3772 .„vulgo‚
772 3713 1030 3759 serenitate
1069 3712 1271 3773 reddita,
1311 3711 1580 3760 consectum
1618 3710 1754 3758 sidus
1794 3711 2066 3758 audimuS.“
2141 3710 2204 3758 Et
2242 3711 2399 3774 capite
2436 3717 2561 3766 seq.:

330 3795 418 3841 „ex
448 3789 624 3830 eventu
652 3783 1060 3845 significationum
1086 3783 1292 3847 intelligi
1313 3783 1472 3832 sidera
1499 3783 1754 3844 debebant,
1794 3798 1891 3833 non
1918 3783 1978 3831 ad
2008 3783 2108 3830 dies
2148 3783 2316 3844 utique
2341 3777 2564 3844 praefini-

326 3859 401 3901 tos
439 3858 706 3917 exspectari
744 3861 1084 3920 tempestatum
1125 3853 1450 3907 vadimonia.“
1519 3855 1661 3918 Quod
1699 3862 1815 3906 nota
1854 3859 1901 3904 in
1928 3856 2036 3905 loco
2063 3854 2296 3921 epistolae
2324 3849 2563 3902 Ciceronis
