2652 4088
284 153 390 210 296
885 144 1171 192 Collectanea
1201 155 1258 188 ex
1289 142 1516 190 codicibus
1545 143 1936 191 PulkoviensibuS.

458 297 585 348 Olim
625 295 821 345 modum
859 301 909 345 et
947 295 1076 343 viam
1116 308 1292 342 causae
1331 292 1394 342 ad
1428 294 1649 343 effectum
1675 295 1768 343 hac
1795 296 1935 357 quasi
1960 293 2236 345 definitione
2265 312 2368 346 sum
2394 313 2530 348 com-

284 374 471 438 plexus,
511 376 565 418 ut
601 369 843 432 fingerem,
881 370 930 415 in
968 367 1212 415 nascentis
1251 381 1337 414 seu
1374 368 1535 415 animo
1574 383 1661 416 seu
1699 371 1841 430 genio
1894 367 2091 417 haerere
2130 371 2389 433 imaginem
2429 372 2530 420 dis-

284 444 542 510 positionis
582 442 834 502 coelestis,
888 455 1014 504 quae
1064 439 1127 488 ad
1165 445 1461 487 momentum
1500 442 1770 489 nativitatis
1821 440 1934 500 fuit,
1985 455 2188 503 eamque
2237 446 2282 490 in
2322 458 2380 491 eo
2418 446 2528 505 situ,

286 519 370 581 qui
410 517 527 578 suit,
579 515 902 575 immobilem3
960 513 1086 560 hanc
1134 526 1242 560 cum
1295 513 1394 559 suis
1443 511 1564 560 locis
1602 514 1830 576 praebere
1871 514 2118 575 astrologo
2167 515 2528 578 significatores.

283 592 326 638 A
366 594 610 637 momento
649 593 816 652 partus
857 586 917 634 ad
957 586 1127 633 horam
1161 590 1187 633 6
1218 585 1393 633 aetatis
1430 585 1627 634 infantis
1666 588 1750 648 qui
1786 586 1894 634 fluit
1930 593 2090 634 motus
2131 589 2274 648 coeli,
2313 588 2455 650 hunc,
2491 593 2530 637 si

285 662 521 712 referatur
559 660 620 709 ad
661 665 1023 724 permanentem
1059 659 1347 720 imaginem,
1397 671 1486 706 ceu
1525 673 1721 723 serpens
1770 673 2032 722 prorepens
2071 658 2132 708 ad
2185 663 2382 709 exuvias
2421 673 2532 725 post

287 749 340 784 se
378 735 586 796 relictas,
626 733 754 780 hunc
793 746 906 794 ergo
948 730 1069 780 coeli
1107 737 1291 778 motum
1331 732 1591 792 imaginem
1632 746 1737 780 esse
1767 737 1831 780 90
1860 745 2093 780 annorum
2135 734 2277 782 vitae.
2342 734 2531 796 Seque-

288 808 432 856 batur
469 806 596 867 inde,
634 806 981 868 promissorum
1019 805 1129 851 loca
1168 809 1502 866 praeterquam
1542 803 1726 863 Lunae,
1769 819 1916 852 causa
1953 811 2113 853 motus
2153 808 2327 870 proprii
2365 813 2414 855 et
2440 823 2530 871 pa-

287 880 546 939 rallaerS,
586 879 708 926 nihil
747 877 1040 926 sensibiliter
1077 877 1280 936 variari,
1320 882 1487 939 utpote
1527 878 1650 924 intra
1689 876 1833 924 horas
1874 882 1920 937 2,
1961 883 2008 934 3,
2051 883 2098 938 4,
2141 884 2185 927 6.
2261 878 2532 928 Deductio-

288 967 373 1001 nes
413 966 529 1000 vero
569 951 668 1000 fieri
709 965 792 1014 per
830 952 1138 998 ascensiones
1177 954 1359 1008 rectaS,
1410 949 1634 1011 obliquas
1685 956 1732 997 et
1770 950 2095 999 intermedias.
2170 951 2247 999 Ab
2286 952 2377 1000 hac
2416 968 2529 1001 sen-

283 1026 436 1074 tentia
471 1039 549 1073 me
576 1023 760 1088 depulit
785 1024 938 1088 primo
964 1021 1210 1087 Tychonis
1239 1023 1537 1069 asseveratio
1578 1021 1635 1070 de
1664 1021 1925 1071 directione
1962 1038 2049 1087 per
2083 1023 2262 1084 gradus
2301 1026 2530 1087 aequales

281 1112 382 1147 non
422 1096 794 1156 centemnenda,
849 1111 976 1159 quae
1029 1094 1402 1144 confirmabatur
1452 1095 1673 1158 exemplo
1723 1098 1963 1158 praesenti
2013 1098 2231 1159 propriae
2278 1113 2528 1161 geneseos

286 1170 351 1219 At
390 1170 475 1218 illa
514 1170 792 1218 directionis
831 1169 985 1217 forma
1009 1170 1057 1215 in
1085 1169 1399 1232 conceptione
1424 1182 1532 1215 mea
1558 1167 1716 1216 locum
1745 1169 1921 1218 habere
1946 1183 2043 1218 non
2068 1175 2271 1231 poterat,
2339 1171 2528 1221 Deinde

282 1243 546 1292 absurdum
590 1242 859 1302 videbatur,
898 1242 1204 1306 planetarum
1243 1240 1477 1304 appulsus
1515 1248 1710 1288 mutuos
1748 1244 1798 1288 in
1836 1248 1970 1290 motu
2018 1244 2170 1304 primo
2210 1243 2527 1305 considerare,

282 1317 368 1366 ubi
395 1318 436 1364 si
463 1315 761 1378 significator
788 1317 851 1364 sit
876 1316 925 1363 in
953 1316 1186 1379 principio
1215 1315 1442 1376 Virginis,
1472 1316 1734 1376 promissor
1759 1316 1806 1360 in
1834 1315 2092 1379 Scorpione
2119 1315 2284 1363 multis
2310 1318 2528 1380 partibus

286 1390 410 1437 infra
447 1388 821 1450 significatorem
860 1390 906 1434 in
948 1387 1124 1436 circulo
1166 1388 1417 1450 positionis
1459 1394 1686 1448 transeat,
1728 1402 1836 1435 cum
1876 1390 1923 1435 in
1953 1387 2057 1436 aliis
2083 1387 2387 1451 planetarum
2413 1405 2530 1438 con-

282 1462 618 1525 junctionibus
655 1461 863 1510 latitudo
892 1461 1138 1509 efficaciae
1175 1460 1379 1508 multum
1420 1459 1655 1520 detrahat,
1697 1463 1921 1523 quamvis
1959 1460 2041 1508 illa
2067 1463 2221 1508 minor
2258 1463 2333 1513 sit.
2396 1463 2529 1511 Idem

287 1537 337 1582 in
376 1534 625 1583 horizonte
664 1533 767 1582 fieri
803 1548 900 1581 non
942 1540 1017 1582 est
1054 1533 1330 1583 absurdum.
1405 1532 1513 1580 Non
1554 1534 1679 1581 enim
1718 1535 1766 1580 in
1806 1534 1912 1581 solo
1950 1539 2126 1597 puncto
2167 1534 2416 1598 eclipticae
2456 1538 2531 1585 vis

287 1608 486 1656 orientis
525 1609 677 1666 inest,
720 1622 808 1655 ceu
847 1609 894 1653 in
937 1612 1067 1655 certa
1104 1606 1274 1666 stella,
1324 1606 1410 1654 sed
1449 1608 1693 1669 spargitur
1731 1606 1815 1653 illa
1854 1622 1936 1670 per
1975 1613 2124 1654 totam
2165 1608 2530 1671 amplitudinem

281 1682 502 1728 ortivam.
567 1679 732 1727 Tertio
773 1678 1064 1728 videbantur
1091 1677 1159 1745 Θ
1199 1686 1246 1728 et
1273 1675 1341 1744 Q
1370 1678 1626 1742 separandi
1666 1680 1726 1727 ab
1767 1694 1864 1727 asc.
1908 1679 1973 1727 M.
2005 1679 2057 1729 C.
2098 1682 2144 1726 in
2184 1681 2337 1729 forma
2375 1681 2531 1730 direc-

281 1754 442 1801 tionis⁴
519 1752 644 1801 Nam
684 1753 995 1801 ascensiones
1034 1752 1103 1799 Μ.
1147 1751 1200 1800 C.
1249 1758 1361 1799 sunt
1408 1758 1455 1800 et
1495 1754 1708 1799 existunt
1765 1767 1914 1800 causa
1957 1752 2219 1800 horizontis
2271 1756 2444 1802 terreni
2484 1762 2532 1803 et

279 1840 365 1890 per
399 1831 586 1891 motum
627 1827 832 1888 primum
884 1827 1162 1885 variantur,
1217 1830 1267 1871 at
1306 1822 1374 1890 Θ
1414 1830 1462 1872 et
1499 1821 1567 1890 Q
1623 1833 1965 1887 promoventur
2021 1826 2233 1873 motibus
2289 1827 2527 1876 secundis.

281 1897 490 1961 Quarto,
543 1900 583 1945 si
624 1912 822 1946 causam
863 1898 1164 1946 considerem
1204 1897 1559 1956 obscuriorem,
1613 1899 1703 1944 etsi
1741 1911 1800 1945 ne
1838 1912 1964 1945 nunc
2003 1898 2198 1959 quidem
2238 1901 2343 1963 ipsa
2379 1903 2532 1964 prima

279 1986 429 2020 eausa
467 1973 586 2019 satis
625 1970 810 2034 liquide
854 1972 980 2019 cerni
1020 1976 1194 2035 potest.
1259 1970 1380 2018 Nam
1408 1972 1479 2017 sic
1505 1971 1741 2033 agebam:
1782 1976 2032 2034 propterea
2071 1971 2274 2033 singulis
2302 1973 2529 2035 gradibus

279 2043 500 2107 singulos
539 2058 693 2092 annos
731 2043 1016 2107 significari,
1058 2045 1174 2106 quia
1214 2042 1325 2091 dum
1366 2041 1429 2107 (ο)
1463 2041 1516 2090 10
1555 2043 1760 2103 conficit,
1802 2046 1951 2107 primo
1990 2050 2124 2091 motu
2166 2046 2296 2093 361⁰
2320 2047 2532 2095 volvun-

280 2124 357 2166 tur
396 2132 575 2180 eosque
619 2117 680 2180 Ε)
722 2132 849 2166 anno
889 2131 985 2165 uno
1027 2116 1233 2167 conficit.
1298 2116 1375 2164 Ita
1415 2115 1661 2180 duplicata
1699 2122 1771 2165 est
1811 2115 1979 2164 solaris
2006 2123 2165 2165 motus
2194 2118 2530 2168 consideratio.

280 2189 479 2252 QuintO,
521 2205 670 2239 causa
711 2205 807 2238 non
847 2196 976 2250 erat,
1018 2204 1099 2237 cur
1140 2187 1234 2238 3Οο
1266 2190 1322 2249 Υ
1370 2204 1522 2238 annos
1566 2195 1628 2238 15
1670 2191 1716 2236 in
1758 2196 1860 2238 ortu
1902 2190 2136 2248 efficiant,
2179 2205 2284 2238 cum
2332 2193 2393 2254 Θ
2433 2207 2529 2240 ηοη

279 2265 330 2310 in
370 2269 637 2327 aequatore
675 2263 883 2323 incedat,
924 2262 1010 2311 sed
1050 2265 1098 2309 in
1137 2262 1356 2310 zodiaco,
1434 2262 1550 2311 Jam
1589 2277 1702 2325 ergo
1742 2261 1935 2310 modum
1978 2265 2325 2325 investigemus
2365 2265 2529 2327 alium,

278 2338 440 2385 exorsi
480 2338 686 2400 primum
726 2351 755 2384 a
796 2336 1183 2384 consideratione
1224 2350 1400 2384 causae
1440 2338 1636 2399 primae,
1678 2342 1908 2398 quantum
1947 2335 2048 2383 fieri
2087 2344 2263 2399 potest.
2324 2338 2442 2386 Cum
2483 2341 2530 2387 in

277 2409 428 2458 Terra
465 2423 728 2469 versemur,
769 2409 947 2457 Terrae
986 2415 1146 2456 motus
1185 2416 1560 2457 consentaneum
1590 2412 1734 2457 estin
1760 2408 2076 2470 significando
2104 2409 2350 2459 adhibere.
2415 2412 2527 2460 Duo

279 2496 398 2531 vero
441 2488 554 2531 sunt
591 2488 751 2530 motus
791 2482 995 2543 Terrae,
1036 2496 1226 2530 annuus
1267 2489 1316 2530 et
1355 2482 1566 2530 diurnus.
1642 2482 1766 2529 Hinc
1805 2495 1918 2544 ergo
1958 2482 2197 2545 petendae
2236 2490 2347 2532 sunt
2384 2485 2526 2533 nobis

2622 1982 2652 2055 a*

281 2569 458 2603 causae
497 2554 830 2603 directionum.
897 2555 993 2603 Cur
1031 2561 1192 2602 autem
1231 2553 1410 2616 gradus
1448 2570 1627 2602 annum
1665 2554 1940 2615 significat?
1996 2553 2123 2615 Quid
2163 2570 2414 2605 commune
2454 2563 2527 2606 est

278 2627 454 2689 gradui
492 2629 709 2675 unicum
751 2627 912 2676 anno?
971 2626 1099 2689 Quid
1140 2634 1213 2675 est
1250 2630 1298 2674 in
1336 2630 1634 2676 astronomia
1672 2626 1885 2688 gradus?
1946 2627 2075 2675 Nihil
2116 2630 2241 2677 enim
2281 2645 2525 2678 moramur

282 2703 330 2747 in
370 2699 583 2764 physicis
623 2707 1007 2748 astronomorum
1055 2702 1314 2748 concinnas
1362 2700 1658 2749 divisiones.v
1719 2698 1933 2750 Gnidum
1972 2702 2116 2762 igitur
2160 2716 2307 2750 unum
2350 2718 2527 2767 prope·
2584 2764 2586 2766 V

279 2773 476 2821 modum
515 2780 696 2835 aequat
734 2774 887 2835 primo
927 2778 1086 2820 motus
1115 2772 1242 2820 Solis
1269 2773 1481 2833 diurnus,
1524 2771 1692 2821 deinde
1733 2771 2114 2821 additamentum
2141 2774 2234 2823 diei
2271 2777 2523 2824 naturalis.

276 2846 341 2894 In
377 2845 453 2893 his
493 2860 607 2908 ergo
649 2845 838 2893 duobus
879 2851 952 2893 est
990 2847 1200 2908 suspicio
1240 2861 1431 2896 causae.
1510 2845 1575 2893 At
1607 2858 1666 2892 ne
1707 2847 1865 2894 varias
1914 2860 2143 2907 cogamur
2190 2863 2362 2897 causas
2412 2849 2528 2897 red-

281 2917 418 2978 dere,
460 2919 726 2966 conflentur
764 2919 855 2966 hae
895 2918 1019 2966 duae
1060 2922 1106 2965 in
1146 2933 1316 2978 unum,
1357 2925 1405 2967 et
1444 2918 1585 2967 cadat
1618 2920 1830 2979 suspicio
1860 2920 1906 2964 in
1935 2918 2086 2981 diem,
2127 2927 2180 2967 ut
2219 2935 2312 2969 non
2343 2922 2522 2984 gradus
2589 2933 2604 2940 ·

280 2990 368 3040 sed
408 2990 511 3039 dies
549 3006 727 3039 annum
766 2991 1030 3053 significet,
1082 2997 1339 3053 propterea
1385 2991 1514 3052 quod
1554 2993 1800 3039 conversio
1840 2991 2017 3040 Terrae
2068 2994 2130 3040 sit
2170 2995 2330 3056 imago
2371 3010 2524 3057 quae-

281 3064 392 3112 dam
432 3065 763 3112 conversionis
803 3065 933 3111 orbis
972 3067 1136 3112 annui.
1214 3064 1332 3111 Cum
1373 3065 1520 3126 igitur
1560 3063 1665 3111 dies
1705 3063 1909 3123 quilibet
1957 3065 2182 3114 revolvat
2222 3072 2319 3116 361
2362 3074 2524 3130 partes
2594 3059 2607 3066 ⁹

278 3138 581 3198 aequatoris,
634 3143 890 3199 propterea
940 3137 1069 3198 quod
1118 3142 1286 3184 auctor
1336 3143 1383 3184 et
1434 3136 1529 3183 dux
1564 3136 1659 3184 diei
1703 3137 1764 3197 Θ
1809 3134 1865 3185 10
1903 3152 2026 3199 pene
2077 3138 2240 3187 dietim
2279 3139 2522 3201 succedat,

279 3209 363 3257 fiet
401 3215 455 3256 ut
495 3211 642 3259 etiam
680 3213 867 3258 termini
910 3210 1003 3258 diei
1043 3212 1196 3266 (ortus
1235 3216 1283 3257 et
1321 3223 1522 3258 occasus
1555 3208 1799 3269 locorum3
1841 3209 1943 3258 dies
1983 3212 2108 3259 enim
2148 3213 2209 3259 ad
2251 3213 2523 3262 horizontes

281 3281 567 3343 alligantur,
610 3287 658 3331 et
697 3297 804 3330 cum
842 3282 921 3330 hic
959 3289 1033 3330 est
1072 3282 1202 3342 dieS,
1255 3282 1374 3330 alibi
1413 3297 1510 3330 nox
1544 3279 1634 3346 est)
1671 3297 1757 3344 per
1793 3283 1970 3345 gradus
2009 3286 2285 3346 aequatoris
2324 3300 2521 3348 promo-

281 3359 514 3403 veantur:
567 3361 623 3402 ut
660 3357 700 3403 si
738 3355 885 3404 hodie
925 3355 1045 3403 hora
1082 3357 1238 3418 prima
1275 3361 1385 3418 post
1431 3353 1672 3404 meridiem
1714 3355 1940 3417 (aequale
1979 3358 2288 3421 principium)
2344 3361 2523 3407 oriatur

282 3441 391 3475 cum
433 3432 552 3488 360,
594 3424 651 3475 0⁰
679 3428 774 3487 Υ,
828 3442 932 3476 cras
980 3427 1150 3477 eadem
1195 3429 1314 3476 hora
1362 3430 1510 3491 prima
1560 3442 1667 3475 cum
1721 3433 1817 3476 361
1863 3431 2040 3489 orietur
2080 3428 2136 3478 2⁰
2167 3431 2247 3490 Υ.
2323 3431 2400 3480 Ita
2439 3432 2521 3480 fiet

285 3502 473 3548 ratione
511 3505 712 3549 naturae
751 3502 960 3548 maxime
998 3506 1336 3561 consentanea,
1375 3507 1429 3549 ut
1463 3499 1645 3548 dierum
1685 3503 1898 3561 termini,
1940 3503 2054 3551 Asc.
2095 3508 2144 3550 et
2181 3502 2251 3552 M.
2293 3503 2364 3565 C„
2404 3504 2519 3552 diri·-

285 3578 460 3633 gantur
498 3574 547 3619 in
585 3579 870 3635 aequatore,
912 3587 1020 3622 cum
1062 3576 1207 3623 etiam
1246 3574 1325 3635 id,
1365 3573 1488 3636 quod
1529 3572 1654 3620 diem
1695 3573 1853 3634 efficit,
1897 3578 2152 3623 conversio
2190 3576 2390 3636 Terrae,
2429 3576 2518 3624 sub

285 3650 547 3706 aequatore
586 3645 807 3708 aequalis
858 3648 934 3694 sit.
1010 3647 1088 3695 Ita
1125 3662 1240 3695 vero
1286 3661 1382 3696 non
1429 3648 1605 3707 primus
1645 3645 1724 3694 ille
1761 3646 1939 3707 gradus
1989 3662 2166 3695 annum
2211 3649 2516 3711 significabit,

286 3718 369 3776 qui
407 3719 529 3765 ortui
569 3720 798 3778 accessit,
850 3718 935 3767 sed
985 3734 1151 3767 omnes
1193 3719 1336 3769 361⁰.
1413 3717 1625 3780 Cumque
1676 3721 1808 3781 prius
1856 3720 2203 3781 significatores
2249 3719 2517 3778 starentin
2575 3784 2577 3787 ι

285 3787 368 3835 illo
407 3787 669 3853 οὐρανισκῳ
706 3792 1014 3853 imaginari0‚
1065 3792 1413 3841 accedentibus¹
1450 3790 1513 3838 ad
1562 3791 1651 3839 hos
1698 3793 2093 3854 promissoribus,
2142 3793 2243 3855 jam
2293 3794 2517 3854 fingimus

286 3859 512 3911 accedere
551 3863 899 3925 significatores
939 3865 1002 3916 ad
1040 3868 1369 3928 promissores.
1428 3863 1566 3914 Haec
1602 3867 1671 3914 ita
1696 3866 1819 3914 bene
1857 3865 2051 3942 habentx
2075 3868 2123 3915 in
2162 3871 2294 3916 motu
2331 3865 2514 3914 diurno,
