2652 4088
1006 112 1009 116 ’
1051 121 1132 170 111.
1163 122 1488 171 Astronomica.
2281 118 2386 179 233

140 275 368 327 distantia
405 273 467 326 ad
517 275 795 341 scrupulum
837 277 1066 337 visionis,
1116 278 1187 327 sic
1225 275 1455 327 distantia
1490 275 1680 340 longior
1718 273 1779 324 ad
1818 272 2095 343 scrupulum
2133 272 2388 324 mediocris

140 351 414 399 distantiae.
487 349 611 399 Nam
660 357 715 399 ut
752 350 832 398 ΟΕ
874 351 952 399 vel
992 351 1074 399 BF
1114 351 1175 399 ad
1215 351 1327 412 ED,
1369 353 1438 400 sic
1477 351 1556 399 CF
1595 349 1657 398 ad
1694 350 1811 411 FG3
1863 356 1913 398 at
1950 348 2094 397 simul
2134 350 2294 409 etiam,
2335 352 2388 396 ut

138 425 223 472 BF
263 423 324 472 ad
363 422 468 485 FG,
505 425 576 472 sic
614 423 694 472 CF
732 423 794 472 ad
833 423 907 471 IH
947 439 1004 472 ex
1042 424 1331 488 hypothesi:
1385 439 1498 486 ergo
1544 425 1815 485 permixtim
1855 428 1908 470 ut
1946 423 2030 470 BF
2069 421 2130 470 ad
2171 421 2274 480 CF,
2317 423 2388 469 sie

31 552 41 556 a
138 497 227 545 ΕΙ)
267 497 328 546 ad
356 495 469 556 FG,
510 503 558 544 et
595 503 648 545 ut
677 497 758 544 BF
798 496 861 545 ad
889 496 995 555 CF,
1044 500 1114 545 sic
1151 497 1240 545 FG
1279 497 1341 545 ad
1380 497 1467 545 IH.
1528 496 1666 545 Haec
1702 498 1883 544 invicta
1922 495 2268 545 demonstratio
2295 499 2386 553 est,

138 572 365 619 continue
403 569 789 632 proportionales
828 584 933 619 esse
959 570 1063 630 ΕΙ),
1104 569 1207 631 FG,
1246 570 1336 618 IH.
1404 570 1635 633 Superest
1671 570 1766 618 hoc
1803 566 1991 629 saltem,
2032 576 2085 616 ut
2112 575 2386 631 quaeratur,

140 643 255 706 quid
294 644 520 703 varietur,
563 644 645 691 ubi
683 643 861 699 multas
899 643 1176 705 hujusmodi
1216 644 1471 692 distantias
1518 643 1924 706 conjunxerimus,
1999 641 2125 690 Nam
2163 641 2236 689 IH
2278 642 2389 703 qui-

139 717 246 765 dem
284 716 365 764 hic
402 730 615 775 assumo,
653 730 749 764 non
789 723 842 764 ut
880 716 1084 779 quilibet
1121 718 1254 766 sinus
1293 731 1399 766 esse
1425 718 1602 779 possit,
1643 715 1728 765 sed
1767 731 1852 780 pro
1881 730 2103 764 mensura
2142 715 2388 777 temporie,

138 805 267 852 quae
312 803 410 838 non
461 795 535 837 est
583 790 632 835 in
671 791 807 850 sinu,
862 789 948 838 sed
997 792 1048 837 in
1086 805 1217 840 areu.
1291 790 1398 838 Nisi
1439 790 1546 852 quis
1587 789 1736 850 dicat,
1789 791 1934 838 etiam
1985 803 2044 837 ex
2082 787 2170 835 FG
2215 794 2262 836 et
2304 787 2387 835 ΕΙ)

138 863 241 912 fieri
281 864 413 910 sinus
453 867 500 910 et
537 862 607 910 sic
633 862 737 910 tolli
763 863 889 911 hanc
926 864 1132 925 turbam,
1173 862 1259 913 sed
1286 863 1356 911 illi
1385 864 1594 911 vicissim
1633 863 1964 926 respondetur,
2005 861 2136 925 quod
2173 875 2268 909 non
2296 862 2392 909 sint

136 937 270 984 sinus
306 937 355 982 in
393 936 703 997 proportione
745 951 959 984 arcuum.

309 1007 610 1070 Colligantur
650 1007 838 1071 aliquot
864 1011 1048 1057 numeri
1075 1007 1477 1072 proportionaleS,
1519 1014 1574 1057 ut
1611 1013 1860 1071 appareat,
1901 1022 1961 1056 an
2000 1006 2389 1071 proportionales

134 1087 364 1130 maneant
402 1087 451 1130 et
487 1095 734 1144 summae,
785 1086 825 1131 si
862 1082 1075 1132 medium
1123 1082 1486 1146 proportionale
1526 1082 1676 1131 habet
1726 1080 1930 1131 eandem
1968 1095 2156 1145 semper
2196 1080 2388 1129 dimen-

137 1169 339 1207 sionem.

248 1239 318 1284 30.
380 1239 450 1284 60.
513 1238 610 1285 120.

246 1305 321 1350 40.
381 1306 451 1351 60.
542 1307 611 1351 90.

246 1370 321 1417 45.
381 1371 453 1417 60.
543 1371 615 1417 80.

246 1437 318 1483 48.
377 1437 448 1483 60.
537 1438 611 1484 75.

250 1504 319 1549 50.
380 1503 452 1549 60.
539 1504 610 1549 72.

222 1576 322 1623 213.
353 1578 453 1624 300.
514 1579 617 1625 437.

336 1648 619 1771 ᾙΞΩᾎ
658 1693 796 1738 Vides
827 1706 918 1738 non
948 1705 1130 1737 manere
1151 1693 1488 1750 proportionem
1513 1691 1702 1737 eandem
1733 1692 1781 1737 in
1812 1691 1965 1748 aliqua
1987 1690 2180 1737 collecta
2204 1705 2392 1738 summa.

660 1761 732 1806 An
762 1760 900 1817 igitur
930 1760 1092 1806 horum
1123 1765 1175 1805 ut
1208 1760 1427 1817 graduum
1461 1760 1622 1804 sinus?
1656 1760 1705 1803 3⁰
1727 1760 1797 1804 33‘
1826 1759 1833 1816 Ι
1918 1761 1967 1804 50
1987 1759 2029 1804 0¹
2115 1758 2121 1813 l
2207 1758 2334 1803 7017

1613 1825 1786 1871 619196
1894 1825 2070 1871 871557
2165 1824 2360 1871 1267761

1613 1890 1812 2013 Ξζὲῗζζ
1834 1946 1893 1966 =
1914 1927 2067 1975 122...
2099 1926 2308 1971 Minime!

308 2044 737 2106 Considerandum,
776 2047 818 2094 si
859 2047 927 2094 ita
966 2050 1054 2106 est,
1096 2049 1150 2094 ut
1186 2059 1376 2109 semper
1414 2046 1511 2094 sint
1546 2040 1962 2108 proportionaleS,
2006 2042 2250 2104 quomodo
2289 2042 2392 2092 fieri

133 2121 314 2183 possit,
365 2126 417 2168 ut
456 2135 514 2168 ex
554 2120 777 2168 omnibus
812 2112 994 2182 junctis
1033 2121 1316 2169 restituatur
1354 2118 1604 2168 circulus?
1664 2117 1814 2180 Resp.
1838 2115 2036 2166 ¹Verum
2077 2115 2124 2164 id
2164 2122 2238 2165 est
2275 2123 2388 2165 tan-

24 2171 39 2237 l·
134 2199 263 2252 tum,
312 2194 398 2241 ubi
450 2193 655 2241 circulus
703 2195 751 2239 in
799 2193 986 2242 infinita
1022 2203 1205 2256 puncta
1242 2191 1501 2255 dividitur,
1550 2192 1635 2240 ubi
1682 2190 1896 2240 medium
1947 2189 2302 2240 arithmeticum
2344 2196 2392 2241 et

134 2268 477 2330 geometricum
516 2266 810 2315 coincidunt.

307 2339 514 2388 Videtur
551 2340 803 2388 consilium
853 2339 1042 2388 nullum
1080 2344 1368 2403 suppetere,
1422 2337 1667 2402 quomodo
1708 2353 1766 2386 ex
1806 2334 2104 2402 ἀκρονυχιοις
2151 2336 2392 2399 explorari

132 2415 289 2476 possit
326 2415 591 2476 negotium.
666 2413 866 2462 Rectius
904 2414 1108 2462 fortasse
1149 2428 1373 2476 agemus,
1416 2419 1469 2460 ut
1506 2413 1555 2460 in
1598 2407 1666 2479 ζῤ,
1718 2413 1761 2460 si
1801 2426 1859 2460 ex
1911 2410 2099 2472 aliquot
2149 2409 2391 2459 distantiis

32 2525 33 2534 ,
132 2493 467 2551 computamus
506 2485 735 2536 circulum
774 2487 976 2550 ejusque
1015 2501 1305 2550 apogaeum.
1381 2485 1480 2535 Sed
1518 2486 1720 2548 requirit
1759 2486 2086 2548 cognitionem
2129 2483 2391 2533 distantia-

32 2583 34 2590 r
132 2573 238 2609 mm
274 2560 468 2612 Terrae.

310 2633 740 2697 Considerandum,
782 2648 930 2697 quare
970 2633 1211 2683 interdum
1251 2633 1416 2683 valeat
1455 2634 1720 2695 acervatio,
1760 2631 2001 2681 interdum
2038 2629 2175 2680 non‘?

828 2710 890 2755 Ut
922 2710 979 2756 60
1011 2710 1089 2755 dat
1123 2711 1217 2767 120,
1252 2710 1360 2767 quid
1419 2710 1574 2754 30¹?—
1606 2709 1663 2754 60

1420 2779 1579 2824 40?-
1611 2777 1668 2823 80

1421 2843 1577 2888 45⁴?-
1609 2843 1667 2889 90

949 2875 970 2898 n
1161 2876 1182 2898 D

119 2975 122 2978 Ι
261 2954 267 2959 .
909 2921 995 2966 180
1026 2920 1103 2965 dat
1136 2922 1221 2966 360
1253 2921 1360 2977 quid
1392 2920 1674 2964 Mor-230.

148 3003 190 3061 s‘.
303 2986 467 3047 Ratio,
505 2985 622 3049 quia
657 2984 739 3036 hic
775 2984 872 3037 duo
909 2990 1101 3037 termini
1138 2996 1333 3038 manent
1371 2989 1518 3038 iidem
1557 2993 1604 3036 et
1643 2991 1716 3036 est
1753 2986 1999 3050 proportio
2041 2984 2296 3048 disjuncta.

111 3060 211 3129 ,ρξ’
306 3059 384 3109 An
422 3066 471 3109 et
506 3058 591 3108 illa
626 3061 876 3124 proportio
914 3061 1126 3125 disjungi
1166 3064 1349 3126 possit,
1405 3065 1445 3110 si
1488 3062 1781 3111 diceremus:
1837 3060 2036 3107 Arcus
2076 3059 2387 3121 temporis

84 3126 504 3184 .''1'n‘0nsurans
559 3147 854 3183 summam
919 3134 1362 3185 distantiarum
1422 3135 1527 3184 dat
1588 3139 1833 3183 tantum
1895 3146 2105 3182 arcum
2170 3144 2389 3181 eccen-

139 3209 304 3270 ttici,
346 3206 492 3270 quid
531 3220 715 3256 arcus
754 3208 1156 3257 eccentrici‘?

311 3278 577 3328 Consilium
616 3293 856 3328 summum
898 3287 946 3330 et
985 3287 1266 3330 extremum.

313 3352 549 3401 Construe
587 3352 805 3400 tabulam
845 3356 1154 3416 aequationis
1193 3367 1279 3416 pro
1320 3353 1538 3415 quolibet
1589 3353 1786 3416 planeta
1826 3350 1888 3400 ad
1929 3351 2116 3399 vicinos
2157 3356 2388 3400 centena-

136 3426 235 3474 rios
262 3426 656 3483 eccentricitatis,
684 3431 735 3472 ut
762 3439 849 3487 pro
875 3425 988 3474 Sole
1016 3426 1079 3474 ad
1110 3430 1263 3486 1800,
1298 3429 1449 3484 1900,
1482 3430 1637 3485 2000,
1669 3430 1823 3484 2100,
1856 3429 2011 3483 2200,
2042 3429 2196 3483 2300,
2230 3430 2384 3487 2400,

135 3513 223 3563 pro
263 3498 420 3546 Marte
459 3496 523 3545 ad
558 3501 711 3557 9000,
745 3503 900 3557 9100,
940 3503 1095 3558 9200,
1136 3503 1291 3559 9300,
1326 3503 1482 3558 9400,
1524 3504 1571 3547 et
1609 3499 1803 3562 applica
1839 3498 1960 3545 situs
2002 3494 2296 3563 ἀκρονυχιες.

315 3569 506 3631 Quaere
545 3583 688 3632 super
726 3569 818 3618 hac
854 3585 904 3619 re
945 3571 1296 3635 compendium,
1336 3585 1399 3621 an
1438 3585 1534 3620 non
1575 3586 1635 3620 ex
1674 3585 1771 3620 una
1808 3569 1992 3619 tabella
2030 3573 2219 3634 possint
2256 3571 2387 3622 facili

142 3658 285 3710 opere
324 3643 529 3692 derivari
568 3641 729 3690 aliae?

314 3715 456 3764 Prius
494 3716 541 3761 in
582 3715 787 3779 simplici
829 3716 1198 3764 eccentricitate.

317 3785 385 3837 Ut
417 3788 501 3836 AB
530 3796 613 3845 (fig.
647 3798 701 3841 9.)
742 3790 1070 3837 eecentricitas
1111 3796 1214 3838 tota
1253 3787 1312 3837 ad
1343 3786 1427 3837 AC
1467 3787 1612 3838 aliam
1651 3794 1804 3839 totam
1844 3795 1891 3839 et
1916 3789 2165 3852 majorem,
2205 3792 2274 3840 sic
2302 3791 2384 3840 BF

143 3862 278 3912 sinus
316 3860 535 3928 partialis
562 3860 623 3911 ad
653 3861 738 3910 CG
764 3863 921 3910 sinum
949 3861 1167 3927 partialis
1194 3862 1407 3926 maj0ris.
1459 3862 1683 3914 Ceterum
1721 3864 1763 3912 si
1802 3864 1897 3913 sint
1935 3870 2205 3927 tangentes,
2245 3879 2385 3915 arcus
