2652 4088
271 158 378 216 222
867 153 1156 200 Collectanea
1183 164 1242 198 ex
1271 150 1502 198 codicibus
1530 148 1916 199 Pulkoviensibus.

445 306 565 366 Pag.
607 307 652 355 5.
725 303 971 366 Digressis
1020 303 1203 364 magis,
1250 306 1414 350 monet
1450 301 1784 365 Epiphanius,
1832 300 2005 350 Jesum
2042 315 2139 348 non
2189 301 2238 347 in
2275 299 2513 364 Nasareth

273 378 360 428 sed
399 379 447 424 in
488 378 768 440 Aegyptum
808 376 1140 439 deportatum,
1196 379 1245 422 at
1297 373 1434 422 finita
1479 374 1813 437 purificatione
1861 376 1910 421 in
1947 373 2202 422 Nasareth.
2277 372 2512 420 Nimirum

273 452 394 500 haec
435 464 584 498 causa
623 456 709 509 est,
751 464 833 497 cur
871 449 1172 511 Epiphanius
1211 453 1400 509 tempus
1439 449 1805 510 interposuerit,
1844 461 1961 494 sane
2002 462 2148 509 quam
2189 460 2387 508 urgenS,
2427 444 2515 493 sed

271 539 367 571 non
407 522 516 570 ideo
556 536 754 570 necesse
796 529 883 581 est,
924 530 1114 583 tempus
1152 520 1345 581 longius
1384 520 1674 582 interjicere,
1729 535 1816 568 nec
1867 518 2053 567 tollitur
2093 518 2515 580 Evangelistarum

188 637 190 639 ,
276 597 521 644 dissensus
563 594 625 642 ad
664 596 888 657 speciem,
929 594 1021 641 hac
1061 592 1254 655 quidem
1295 594 1392 640 via.
1453 593 1577 640 Nam
1615 595 1773 655 potuit
1813 594 1956 640 etiam
1997 594 2067 639 sic
2106 606 2225 650 esse,
2267 598 2318 638 ut
2346 590 2515 639 eodem

276 669 352 716 (lie
393 668 471 716 vel
510 669 677 730 paucis
717 667 981 728 interjectis
1021 672 1068 714 et
1106 667 1234 726 magi
1275 672 1323 713 et
1361 664 1610 728 Josephus
1651 666 1936 713 Bethleemo
1989 664 2309 723 discederent,
2357 663 2427 710 illi
2467 665 2516 710 in

273 742 496 804 patriam,
537 739 784 802 Josephus
813 739 1125 802 ,Jerosolyma
1163 737 1225 786 ad
1263 738 1670 799 purificationem3
1711 740 1868 800 potuit
1906 738 1973 785 ibi
2011 739 2195 785 moneri
2234 739 2281 783 in
2321 736 2516 795 somnis,

275 814 404 874 inde,
446 828 511 862 sc.
552 812 890 875 Jerosolymis,
930 813 1095 874 sugere
1135 812 1182 858 in
1211 811 1505 873 Aegyptum.
1572 812 1731 859 Lucas
1773 826 1885 859 vero
1925 814 2084 873 potuit
2123 810 2215 857 hoc
2254 809 2517 857 transsilire

275 886 448 935 eodem
487 886 611 948 jure,
655 900 750 947 quo
792 884 897 932 vult
934 885 1237 947 Epiphanius
1275 883 1581 932 Matthaeum
1620 885 1947 932 transsiluisse
1987 885 2333 946 profectionem
2370 881 2519 930 Jero-

274 960 476 1022 solymis
526 962 573 1006 in
612 957 866 1006 Nasareth.
941 957 1045 1006 Nec
1095 957 1201 1005 tolli
1253 964 1564 1019 apparentem
1618 957 1888 1005 dissensum
1937 957 2027 1004 hac
2077 957 2156 1003 via
2203 962 2251 1003 et
2304 963 2519 1017 tempore

279 1032 517 1091 biennali,
558 1038 693 1094 patet
732 1031 869 1078 iude:
922 1032 964 1078 si
1005 1031 1131 1079 enim
1171 1033 1335 1077 statim
1375 1045 1405 1077 a
1442 1030 1777 1092 purificatione
1815 1030 2020 1078 reditum
2061 1031 2108 1075 in
2147 1028 2387 1076 Nasareth
2428 1028 2522 1075 ibi-

277 1120 372 1168 que
412 1111 759 1153 commoratum
797 1105 1008 1163 bienni0,
1050 1117 1132 1151 cur
1171 1111 1284 1165 post
1322 1102 1454 1150 aliud
1496 1104 1740 1151 biennium
1780 1104 2036 1151 redeuntes
2077 1117 2135 1150 ex
2162 1103 2387 1165 Aegypto
2425 1114 2520 1147 non

276 1185 515 1240 quaerunt
540 1177 793 1235 Nasareth,
835 1176 921 1224 sed
947 1185 1223 1239 proponunt
1250 1178 1295 1222 in
1322 1175 1574 1224 Bethleem
1603 1175 1862 1224 habitare?
1916 1176 2012 1223 Cur
2038 1174 2317 1222 Matthaeus
2344 1188 2520 1221 novam

278 1251 404 1299 hanc
443 1253 748 1299 occasionem
786 1250 1045 1298 novandae
1084 1251 1271 1312 patriae
1310 1248 1609 1297 introduxit?
1670 1249 1870 1298 Rectius
1909 1251 2073 1310 itaque
2114 1250 2388 1303 statuimus,
2428 1246 2522 1295 Jo-

277 1324 480 1387 sephum
521 1339 580 1371 ex
618 1326 819 1384 antiquo
872 1325 1028 1371 civem
1079 1323 1227 1370 fuisse
1265 1321 1716 1381 Bethleemiticum,
1770 1322 1975 1370 Mariam
2015 1320 2423 1379 Nasarethanam,
2476 1324 2523 1367 et

276 1396 550 1459 Josephum
588 1411 683 1444 non
725 1396 919 1443 domum
966 1397 1014 1442 in
1055 1394 1282 1444 Galilaea
1330 1395 1586 1455 habuisse,
1637 1394 1724 1443 sed
1765 1410 1820 1444 eo
1862 1397 2051 1443 venisse
2098 1407 2307 1456 sponsae
2358 1407 2520 1451 causa,

279 1472 567 1532 interimque
618 1469 731 1516 dum
770 1468 1007 1531 pauculos
1057 1483 1246 1516 menses
1294 1469 1342 1521 in
1383 1466 1607 1516 Galilaea
1659 1477 1893 1528 moratur,
1947 1475 2226 1515 revocatum
2279 1467 2426 1513 fuisse
2477 1467 2523 1511 in

278 1543 531 1592 Bethleem
572 1542 907 1605 descriptionis
948 1556 1110 1600 causa,
1154 1557 1211 1590 eo
1251 1540 1380 1603 quod
1421 1543 1540 1589 civis
1580 1550 1708 1588 esset
1746 1542 1851 1603 ejus
1891 1541 1998 1591 loci.
2064 1541 2208 1588 Ibant
2235 1539 2438 1601 quilibet
2463 1537 2524 1585 ad

282 1618 530 1664 civitatem
568 1630 721 1674 suam,
764 1615 995 1676 intellige,
1034 1629 1130 1662 non
1154 1615 1255 1676 jam
1281 1614 1407 1662 unde
1434 1620 1562 1661 esset
1588 1615 1811 1673 orituruS,
1851 1614 1935 1662 sed
1975 1613 2055 1661 ubi
2093 1613 2288 1660 domum
2326 1612 2526 1659 haberet

279 1689 359 1739 vel
397 1690 474 1751 jus
513 1690 740 1736 civitatis.
781 1683 886 1756 (Sic
925 1702 1033 1735 cum
1075 1687 1132 1735 de
1160 1687 1350 1735 Christo
1378 1689 1616 1746 scribitur,
1659 1688 1760 1735 ibat
1800 1689 1849 1733 in
1877 1689 2123 1735 civitatem
2151 1701 2304 1744 suam,
2344 1683 2522 1731 intelli-

278 1763 406 1824 gitur
444 1775 539 1808 nou
568 1760 834 1820 Bethleem,
878 1775 972 1808 non
999 1760 1262 1818 Nasareth,
1303 1759 1388 1809 sed
1421 1759 1751 1821 Capernaum,
1793 1761 1874 1807 ubi
1916 1762 2127 1807 civitatis
2160 1759 2242 1821 jus
2282 1752 2528 1821 habebat.)

276 1834 401 1883 Nam
440 1849 566 1896 quae
604 1834 757 1881 forma
799 1833 1135 1895 descriptionis
1175 1840 1317 1891 esset,
1359 1835 1404 1879 in
1434 1847 1530 1894 qua
1557 1847 1650 1879 non
1678 1833 1810 1880 cives
1836 1833 2075 1892 locorum,
2115 1832 2200 1879 sed
2241 1829 2430 1878 oriundi
2468 1844 2528 1878 ex

275 1907 412 1967 lociS,
452 1907 571 1955 alibi
610 1908 757 1965 cives,
798 1907 844 1952 in
885 1907 1005 1954 locis
1043 1906 1249 1968 singulis
1288 1905 1685 1953 describerentur.
1751 1906 1817 1952 At
1855 1907 2064 1968 inquias,
2106 1904 2294 1953 videtur
2331 1903 2390 1951 de
2430 1903 2529 1951 ori-

279 1979 420 2028 undis
457 1981 619 2042 potius
646 1994 792 2041 quam
833 1979 891 2027 de
931 1978 1102 2027 incolis
1141 1978 1475 2041 accipiendum
1502 1986 1697 2040 propter
1736 1980 1925 2040 copiam
1965 1978 2240 2037 hominum3
2282 1978 2377 2024 imo
2416 1976 2529 2024 facit

279 2055 468 2116 copiam
495 2052 745 2100 hominum
772 2054 818 2099 in
846 2052 1027 2114 oppido
1054 2060 1263 2112 angusto
1292 2053 1437 2099 etiam
1466 2051 1717 2099 confluxus
1744 2051 2080 2113 agricolarum.
2144 2051 2251 2098 Non
2280 2051 2406 2098 enim
2435 2050 2527 2096 cir-

278 2127 493 2174 cumibat
512 2132 791 2188 procurator
819 2125 1066 2174 Romanus
1096 2124 1251 2183 villas,
1281 2123 1366 2172 sed
1390 2125 1692 2172 convocabat
1722 2127 1908 2172 vicinos
1936 2123 2176 2186 agricolas
2204 2125 2250 2170 in
2280 2122 2527 2185 oppidum.

283 2199 379 2247 Cur
403 2205 563 2247 autem
590 2197 780 2260 Joseph
806 2199 852 2244 in
883 2198 1148 2246 diversorio
1176 2199 1353 2260 potiuS,
1383 2212 1529 2259 quam
1559 2198 1605 2244 in
1633 2197 1778 2245 domo
1805 2197 1929 2245 sua‘?
1982 2197 2108 2259 Quia
2133 2211 2342 2259 pauper,
2386 2195 2529 2242 domo

281 2286 448 2320 carens
487 2279 534 2319 et
573 2286 725 2334 nuper
761 2266 1001 2331 'reversum
1042 2270 1256 2319 nondum
1284 2270 1341 2318 de
1370 2270 1670 2319 habitatione
1697 2278 2026 2333 prospexerat,
2065 2285 2223 2318 novus
2256 2269 2358 2331 jam
2384 2268 2532 2316 mari-

284 2352 376 2406 tus,
416 2345 537 2392 sorte
578 2346 723 2392 etiarn
750 2347 1024 2407 agitaverat
1050 2346 1228 2404 animo,
1269 2344 1487 2392 habitare
1529 2345 1573 2390 in
1601 2343 1857 2404 Nasareth,
1898 2344 2028 2407 apud
2056 2357 2263 2405 sponsae
2291 2348 2529 2404 parentcS.

457 2417 646 2478 HabeS,
689 2432 814 2479 quae
855 2425 1023 2466 contra
1062 2417 1320 2480 Epiphanii
1360 2418 1571 2465 rationes
1611 2415 1669 2465 de
1709 2416 1924 2466 biennali
1963 2423 2124 2466 aetate
2164 2415 2368 2474 Christi,
2423 2429 2530 2463 cum

283 2490 486 2552 sugeret,
530 2491 791 2552 excipiam,
834 2497 1160 2539 consentanea
1199 2492 1279 2550 iis,
1321 2504 1446 2551 quae
1488 2491 1634 2538 etiam
1672 2489 1914 2538 Batonius
1954 2491 2145 2552 excipit.
2220 2488 2327 2550 Age
2369 2489 2529 2550 igitur,

283 2563 638 2612 cardinalitiam
690 2566 980 2612 sententiam
1027 2563 1152 2612 hanc
1203 2563 1444 2625 indigeta,
1495 2564 1536 2610 si
1583 2563 1704 2611 sorte
1758 2561 1836 2612 vel
1875 2577 1934 2612 ex
1973 2562 2066 2612 hoc
2111 2563 2307 2609 nomine
2347 2559 2531 2623 aliquid

284 2636 400 2685 mihi
440 2635 687 2699 dignitatis
727 2637 1056 2685 adhaerescat.

457 2708 572 2757 Jam
611 2708 673 2757 ad
712 2709 972 2757 Eusebium
1014 2710 1146 2757 venit
1185 2713 1353 2756 auctor
1390 2708 1472 2756 fol.
1517 2711 1562 2768 5,
1604 2707 1710 2770 ejus
1750 2708 1896 2756 etiam
1936 2708 2212 2755 testimonio
2252 2720 2338 2769 pro
2375 2704 2528 2754 l'ulcro

288 2796 463 2832 usurus
515 2783 562 2829 in
602 2783 1043 2831 substructionibus
1080 2783 1196 2830 suis.
1271 2781 1530 2844 Nunquam
1579 2788 1708 2829 recte
1747 2781 2038 2842 cujusquam
2079 2782 2406 2829 testimonium
2447 2794 2533 2827 ex·
2615 2815 2620 2818 .

285 2855 534 2920 penditur,
586 2855 725 2918 cujus
764 2857 975 2904 rationes
1013 2855 1348 2917 negliguntur,
1397 2861 1683 2902 auctoresve
1723 2867 1845 2915 quos
1892 2861 2087 2902 secutus
2126 2860 2214 2903 est.
2289 2853 2530 2900 Eusebius

288 2930 567 2978 Africanum
605 2935 849 2978 auctorem
877 2943 963 2978 seu
989 2930 1152 2992 potius
1178 2934 1547 2975 monstratorem
1586 2928 1756 2974 habuit
1783 2928 1859 2974 sui
1889 2929 2114 2990 computi,
2158 2929 2205 2974 in
2244 2940 2340 2989 quo
2365 2940 2532 2988 parum

286 3002 472 3065 aliquid
511 3003 752 3051 Eusebius
803 3003 992 3050 censuit
1040 3000 1386 3049 innovandum.
1462 2999 1544 3048 Sic
1595 3002 1741 3062 igitur
1781 3006 1996 3048 veteres:
2050 3000 2268 3048 Christus
2315 3003 2361 3046 in
2411 3000 2533 3060 bap-

286 3078 428 3125 tismo
468 3076 638 3124 habuit
683 3090 836 3125 annos
877 3081 971 3140 30,
1021 3076 1293 3137 baptisatus
1346 3087 1459 3121 vero
1512 3079 1586 3121 est
1635 3086 1762 3120 anno
1807 3077 1888 3124 15.
1929 3073 2141 3134 Tiberii3
2195 3075 2236 3120 si
2284 3073 2424 3135 primi
2470 3074 2531 3120 15

287 3151 402 3198 anni
440 3148 621 3198 Tiberii
661 3156 847 3212 partein
872 3149 1054 3198 faciunt
1081 3162 1313 3196 annorum
1341 3145 1510 3194 horum
1543 3151 1626 3204 30,
1668 3161 1782 3207 ergo
1811 3153 1994 3208 partem
2023 3147 2224 3195 alteram
2252 3153 2300 3194 et
2326 3148 2534 3207 priorem

292 3229 532 3285 occupant
570 3223 726 3285 ultimi
768 3227 831 3271 15
873 3222 1099 3285 Augusti.
1168 3218 1233 3268 At
1271 3221 1528 3282 imperavit
1556 3219 1807 3280 Augustus
1848 3234 2001 3267 annos
2045 3221 2126 3279 57,
2169 3220 2351 3267 exactis
2391 3219 2536 3279 igitur

291 3301 356 3345 42
396 3302 540 3343 natus
581 3303 654 3343 est
692 3295 929 3344 Christus,
1006 3295 1077 3342 En
1118 3294 1294 3356 quibus
1333 3307 1392 3340 ex
1429 3293 1678 3354 principiis
1718 3300 1860 3340 exeat
1901 3295 1984 3342 42.
2027 3293 2251 3355 Augusti.
2315 3291 2535 3339 Retinuit

290 3369 418 3417 hunc
457 3368 665 3429 Augusti
718 3383 900 3417 annum
944 3369 1186 3416 Eusebius
1238 3364 1400 3428 quoad
1452 3379 1728 3424 numerum,
1781 3368 2088 3415 nativitatem
2140 3373 2302 3412 tamen
2358 3362 2535 3411 Christi

291 3443 446 3490 serius
484 3441 691 3489 collocat
728 3456 824 3490 uno
865 3455 1008 3490 anno.
1062 3441 1186 3489 Nam
1227 3454 1334 3487 cum
1373 3444 1560 3487 veteres
1600 3444 1822 3485 exactum
1849 3439 2200 3487 intellexissent
2230 3441 2311 3486 15.
2339 3436 2535 3494 Tiberii,

293 3519 561 3562 currentem
599 3515 842 3563 Eusebius
880 3515 1151 3577 usurpavit.
1226 3513 1288 3560 Et
1326 3526 1434 3560 cum
1473 3510 1544 3558 illi
1582 3525 1735 3558 annos
1773 3512 1961 3574 imperii
1987 3511 2200 3574 Augusti
2238 3511 2535 3558 censuissent

294 3601 325 3635 a
366 3586 512 3636 caede
551 3585 697 3649 Julii,
738 3587 979 3636 Eusebius
1019 3600 1145 3636 anno
1184 3587 1424 3649 posterius
1462 3583 1572 3632 illos
1609 3585 1798 3646 inprit,
1846 3601 1876 3634 a
1914 3585 2061 3634 caede
2102 3582 2354 3633 consulum
2392 3579 2536 3630 Hirtii

296 3665 343 3708 et
382 3660 589 3709 Pansae.

469 3731 611 3791 Quod
649 3747 827 3781 annum
864 3731 1074 3782 Herodis
1113 3733 1313 3792 attinet,
1366 3735 1494 3779 recte
1544 3735 1709 3777 monet
1747 3728 2012 3793 LydiatuS,
2063 3729 2383 3792 transpositos
2433 3739 2536 3774 esse

295 3818 521 3852 numeros
558 3807 607 3851 in
646 3806 881 3866 Eusebi0,
936 3813 1104 3854 contra
1142 3811 1352 3854 mentem
1388 3804 1615 3852 auctoris,
1690 3802 1815 3851 Nam
1856 3808 1903 3851 2.
1943 3803 2082 3850 Darii
2123 3810 2196 3850 est
2234 3801 2536 3849 Eusebianus

302 3881 455 3926 1497.
508 3875 662 3927 Jubet
687 3880 834 3941 igitur
860 3878 1118 3941 Eusebius,
1156 3891 1407 3927 numerare
1449 3880 1549 3927 483
1590 3889 1743 3924 annos
1781 3891 1841 3925 ex
1878 3875 2132 3939 prophetia
2156 3873 2409 3936 Danielis;
2447 3869 2538 3920 ad-
