2652 4088
641 1066 722 1133 Ex
766 1066 1006 1154 Epistola
1050 1066 1117 1132 ad
1165 1065 1538 1153 Imperatorem
1585 1065 1938 1152 Rudolphum.

1210 1245 1382 1253 ———

347 1346 431 1396 Uti
474 1346 599 1409 jussi
651 1358 844 1404 sumuS,
905 1358 965 1393 ex
1022 1343 1270 1409 Tychonis
1332 1344 1491 1394 Brahe
1548 1345 2028 1409 ProgymnasmatiS,
2090 1360 2217 1409 quae
2280 1361 2433 1410 nuper

170 1421 300 1472 edita
338 1427 387 1470 et
425 1419 476 1471 S.
518 1418 570 1470 G.
605 1417 674 1467 M.
715 1417 776 1468 V.
816 1416 1044 1486 dedicata
1081 1424 1223 1479 sunt,
1266 1423 1314 1467 et
1351 1417 1617 1468 secundum
1657 1419 1926 1468 doctrinam
1963 1418 2046 1468 fol.
2094 1423 2195 1469 105
2238 1425 2286 1469 et
2329 1425 2428 1470 112

170 1493 571 1558 comprehensam
627 1496 952 1552 momentum,
1001 1505 1098 1553 quo
1149 1491 1235 1540 Sol
1287 1494 1427 1540 annis
1475 1497 1639 1553 1602,
1697 1497 1832 1542 1603
1888 1491 1951 1541 ad
2001 1498 2236 1555 punctum
2288 1499 2468 1557 natae.

173 1569 332 1617 litium
371 1566 510 1626 redit,
551 1563 808 1626 diligenter
847 1565 1228 1626 exquisivimus,
1269 1564 1379 1614 loca
1418 1567 1564 1614 etiam
1603 1565 1911 1628 planetarum
1955 1573 2140 1628 quanta
2180 1558 2468 1628 diligentia²⁶

173 1642 277 1691 fieri
314 1642 475 1705 potuit
515 1653 574 1687 ex
600 1636 772 1687 eodem
812 1637 938 1686 libro
978 1644 1026 1687 et
1053 1638 1479 1687 observationibus
1506 1638 1803 1702 Tychonicis
1841 1640 2194 1688 constituimus.
2258 1639 2434 1689 Direc-

169 1717 328 1764 tiones
366 1728 427 1763 ex
463 1713 656 1776 genesi,
712 1724 858 1773 quam
897 1710 967 1759 M.
1006 1711 1069 1760 V.
1112 1713 1403 1773 construxit,
1454 1713 1895 1776 transscripsinmS,
1949 1727 2072 1775 quas
2111 1712 2309 1776 quidem
2346 1712 2430 1762 ille

170 1787 407 1851 peculiari
442 1785 588 1834 modo
627 1783 711 1832 fol.
755 1789 853 1833 113
895 1783 1007 1832 libri
1047 1784 1161 1834 dicti
1199 1785 1378 1834 tradito
1420 1785 1666 1835 dimensus
1707 1793 1803 1847 est,
1858 1790 1911 1835 ut
1948 1785 2042 1836 hac
2080 1788 2130 1834 in
2166 1791 2304 1850 parte
2341 1800 2431 1835 nos

168 1861 338 1911 labore
375 1859 723 1909 sublevaverit.

342 1933 419 1981 Ex
454 1931 531 1980 his
584 1930 870 1980 certioribus
921 1929 1251 1980 fundamentis
1297 1930 1611 1994 postmodum
1648 1930 1915 1981 secundum
1955 1945 2260 1981 communem
2300 1926 2432 1983 cele·
2518 1917 2521 1931 ⁵

169 2009 383 2057 briorum
437 2004 793 2066 astrologorum
840 2002 1107 2053 doctrinam
1153 2004 1507 2067 judicavimUS,
1561 2020 1670 2054 cum
1722 2006 1770 2052 in
1809 2004 1903 2054 hac
1948 2004 2239 2068 judicatrice
2291 2010 2430 2069 parte

167 2085 430 2146 praecepta
468 2093 498 2127 a
537 2077 770 2141 Tycbone
825 2077 1091 2140 peculiaria
1142 2092 1238 2126 non
1288 2077 1587 2139 habeamus,
1640 2084 1694 2126 ut
1748 2080 1830 2141 qui
1869 2093 1965 2127 non
2006 2080 2074 2126 ita
2111 2077 2316 2127 multum
2353 2078 2431 2128 his

170 2151 579 2217 conjecturalibus
617 2151 828 2200 tribuere
868 2150 1075 2212 solebat,
1116 2157 1335 2199 motuum
1376 2150 1595 2200 doctrina
1634 2165 1824 2215 semper
1865 2153 2289 2214 occupatissimum

346 2226 563 2274 Direetio
596 2223 658 2285 Θ
689 2230 762 2272 est
789 2223 851 2273 ad
877 2225 936 2283 [J
971 2224 1047 2286 Q*
1064 2230 1112 2273 et
1137 2225 1218 2285 Δ
1243 2220 1329 2290 ὃ.
1395 2224 1611 2274 Directio
1639 2220 1708 2290 Θ
1737 2226 2099 2288 appropinquat
2138 2224 2299 2274 sextili
2337 2238 2427 2274 suo

169 2307 219 2350 et
260 2314 318 2354 σο
350 2299 405 2363 Β,
446 2311 683 2347 conversa
722 2296 785 2345 ad
825 2296 1047 2346 sextilem
1074 2295 1133 2363 ῼ.
1198 2298 1414 2346 Directio
1451 2297 1499 2358 Ἃ
1545 2297 1607 2347 ad
1645 2312 1784 2346 suum
1814 2298 2171 2358 [1.Directio
2210 2298 2327 2348 Asc.
2365 2297 2430 2347 ad

170 2375 231 2434 [l
259 2387 400 2422 suum
440 2372 554 2421 fere
631 2371 847 2419 Directio
887 2372 1031 2419 sortis
1069 2372 1432 2435 appropinquat
1463 2385 1522 2425 00
1556 2371 1622 2432 Ql.
1699 2371 1919 2421 Directio
1958 2370 2026 2419 M
2069 2371 2121 2422 C
2161 2372 2430 2436 appropin-

170 2453 289 2510 quat
328 2446 535 2495 antiscio
564 2439 607 2509 Q
635 2450 684 2493 et
715 2459 773 2500 00
808 2440 867 2508 S?

344 2518 466 2567 Cum
498 2517 560 2579 G)
589 2518 653 2565 sit
689 2516 970 2581 principalis
1009 2515 1190 2580 apheta
1228 2522 1277 2565 et
1315 2519 1480 2566 veniat
1517 2531 1604 2579 per
1643 2477 1956 2566 directionem
1995 2515 2057 2565 ad
2109 2531 2250 2566 suum
2278 2517 2339 2578 [1
2381 2521 2430 2566 et

173 2598 285 2657 post
321 2593 482 2655 ipsum
522 2590 816 2640 ascendens:
857 2589 1155 2652 significatur
1181 2590 1449 2639 secundum
1478 2590 1835 2653 astrologorum
1876 2589 2084 2653 decreta,
2125 2605 2277 2654 penes
2305 2604 2430 2652 quos

170 2666 399 2715 authores
437 2663 558 2712 fides
598 2671 719 2723 esto,
763 2662 928 2725 aliqua
967 2662 1194 2712 debilitas
1234 2663 1408 2712 caloris
1436 2665 1607 2725 nativi,
1648 2663 1794 2727 idque
1820 2665 1976 2726 magis
2015 2665 2062 2711 in
2102 2662 2316 2713 secunda
2350 2677 2430 2712 re-

172 2738 448 2799 volutione,
490 2751 616 2800 quae
655 2740 745 2786 erit
783 2751 827 2785 a.
875 2741 1028 2786 1603.
1061 2734 1216 2797 Julio‚
1257 2743 1515 2800 propterea
1554 2736 1685 2799 quod
1725 2743 1840 2786 tunc
1878 2739 2130 2799 geniturae
2170 2744 2218 2786 et
2255 2749 2429 2786 ascen-

173 2812 331 2861 dentis
371 2810 553 2860 domini
591 2816 705 2858 sunt
741 2809 1008 2858 imbecilles
1048 2815 1095 2858 et
1133 2810 1456 2872 profectiones
1495 2809 1637 2858 simul
1666 2809 1930 2872 (siquidem
1970 2811 2019 2857 in
2046 2810 2301 2859 consilium
2340 2807 2431 2860 ad-

170 2884 433 2947 hibendae)
473 2884 676 2932 veniunt
715 2884 778 2932 ad
816 2883 927 2932 loca
966 2881 1219 2946 quadrata.
2443 2924 2454 2932 s,

343 2956 529 3019 Quodsi
562 2957 668 3019 jam
705 2956 955 3005 maleficae
994 2958 1295 3019 ingressibus
1333 2962 1632 3019 occuparunt
1669 2955 1779 3005 loca
1819 2955 2151 3015 directionum,
2193 2953 2430 3018 astrologi

171 3030 459 3081 concludere
498 3036 698 3092 possent
737 3030 795 3079 de
833 3030 1018 3078 morb0.
1085 3028 1181 3078 Sed
1223 3031 1339 3093 quia
1376 3029 1707 3078 maleficarum
1744 3028 1866 3077 nulli
1905 3042 2064 3090 neque
2102 3027 2229 3075 radii
2266 3037 2428 3093 neque

172 3118 374 3167 corpora
411 3102 605 3163 adsunt,
649 3118 776 3165 quae
814 3117 914 3152 rem
955 3105 1002 3150 in
1043 3109 1206 3152 actum
1245 3102 1503 3162 deducant,
1545 3105 1642 3151 imo
1684 3103 1799 3164 quia
1839 3118 1864 3148 e
1905 3101 2143 3149 contrario
2190 3096 2249 3167 Ἡ,
2280 3101 2329 3147 in
2358 3101 2425 3166 m

28 3162 29 3166 ¹
98 3188 106 3192 ·
174 3183 411 3237 versatur,
452 3177 609 3224 amico
651 3178 819 3238 vigore
856 3181 1080 3225 naturam
1121 3175 1295 3224 fovens
1332 3181 1380 3224 et
1417 3175 1621 3238 pulchro
1673 3175 1854 3223 lumine
1892 3174 2002 3222 loca
2041 3173 2318 3222 directionis
2357 3169 2427 3239 O

174 3249 449 3311 illustrans,
489 3256 784 3298 evanescent
820 3248 943 3298 baec
982 3248 1174 3298 decreta
1213 3254 1261 3296 et
1299 3247 1624 3310 significatur,
1665 3247 1796 3310 quod
1838 3248 1968 3295 bona
2007 3245 2170 3294 diaeta
2207 3251 2431 3295 naturam

172 3337 258 3386 per
303 3323 397 3371 hoc
444 3330 636 3385 tempus
684 3324 748 3371 sit
796 3321 1139 3383 sublevatura3
1194 3322 1477 3384 praesertim
1532 3334 1640 3368 cum
1690 3326 1826 3368 aetas
1879 3318 2034 3366 virilis
2073 3317 2234 3368 adhuc
2283 3320 2346 3367 sit
2383 3324 2432 3369 et

171 3402 363 3458 vegeta.
438 3395 565 3443 Nam
602 3395 694 3444 hae
742 3394 1031 3445 directiones
1072 3397 1118 3442 in
1156 3408 1297 3443 senes
1337 3398 1385 3442 et
1422 3399 1597 3442 natura
1635 3391 1907 3452 debilioreS,
1949 3392 2089 3441 annis
2127 3396 2425 3455 attenuatOS,

172 3468 284 3532 plus
320 3473 536 3531 possunt.

348 3539 493 3602 Quod
530 3554 786 3602 regnum
824 3542 1014 3602 attinet,
1056 3555 1165 3589 cum
1193 3540 1240 3599 2³1.
1268 3539 1332 3586 sit
1371 3537 1634 3587 devolutus
1673 3536 1735 3586 ad
1774 3551 1914 3586 suum
1955 3538 2039 3598 [1,
2080 3540 2134 3585 ut
2171 3542 2220 3586 et
2257 3537 2338 3602 Θ,
2379 3543 2428 3588 et
2476 3574 2591 3609 W„

178 3615 396 3677 ingressu
435 3612 647 3661 fortunet
670 3612 740 3661 M.
769 3612 841 3670 (3.,
880 3616 1039 3676 sitque
1079 3612 1302 3660 dominus
1341 3610 1408 3661 M.
1438 3610 1491 3658 C.
1533 3611 1580 3657 in
1622 3615 1828 3673 utraque
1866 3610 2188 3672 revolutione,
2229 3610 2279 3658 in
2306 3626 2433 3674 qua·
2467 3629 2566 3661 ι

173 3700 279 3735 rum
317 3686 476 3748 priore
514 3686 858 3736 convenienter
895 3689 1018 3736 situs
1058 3691 1132 3734 est
1169 3698 1286 3732 suae
1327 3684 1527 3746 origini,
1569 3684 1615 3730 in
1645 3697 1742 3746 qua
1778 3681 2027 3747 gaudebat
2050 3683 2166 3735 VII.
2208 3689 2256 3733 et
2292 3683 2430 3733 radio

191 3766 263 3820 ό,
303 3773 363 3808 ex
398 3757 475 3807 his
513 3755 675 3809 dicent
711 3758 970 3824 astrologi,
1024 3759 1202 3809 bonum
1255 3757 1355 3806 sore
1404 3760 1583 3805 statum
1631 3756 1767 3820 regni
1806 3760 1856 3808 et
1891 3755 2206 3827 memorabile
2244 3756 2430 3822 aliquid
