2652 4088
1087 170 1124 216 Ι.
1153 168 1493 217 Mathematica.
1528 188 1532 193 ·
2308 178 2412 234 165

330 331 506 395 Itaque
546 329 642 378 duo
682 331 888 391 impares
927 300 1160 389 proximi:
2048 385 2049 388 Ἴ

545 408 590 453 1.
632 407 677 454 3.
757 405 802 450 5.
883 405 928 448 7.
1009 402 1056 447 9.
1139 399 1221 446 11.
1302 402 1382 446 13.
1466 396 1544 445 15.
1628 400 1709 448 17.
1792 400 1872 447 19.
1952 403 2014 448 21

544 481 588 524 1.
633 480 679 524 9.
722 477 806 526 25.
848 477 933 522 49.
975 475 1060 522 81.
1104 474 1222 519 121.
1269 474 1386 519 169.
1430 470 1552 518 225.
1594 473 1714 518 289.
1759 474 1878 522 361.
1920 475 2037 524 441.

504 543 1474 614 '-3i‘13T7545335‘455‘455*‘565
1540 563 1623 608 64.
1706 563 1788 609 72.
1867 564 1934 609 80

651 634 1838 687 888888888

329 725 422 786 32)
460 720 674 786 Imparia
712 723 952 787 quadrata
990 726 1212 771 crescunt
1262 721 1537 783 augmentis
1580 721 1861 783 compositis
1909 735 1968 770 ex
2007 722 2133 770 binis
2182 724 2242 771 iis
2289 738 2416 788 aug-

459 799 668 863 mentis,
708 799 885 860 quibus
925 795 1162 859 quadrata
1201 799 1422 843 crescunt
1460 792 1627 842 ordine
1666 793 1892 856 simplici.

328 870 421 929 33)
461 869 772 932 Compositus
811 885 871 919 ex
910 875 940 919 2
981 868 1247 931 imparibus
1287 872 1334 915 et
1373 867 1569 928 paribus
1608 866 1759 915 habet
1796 881 1954 928 pareS.

329 938 425 1008 34)
467 942 538 990 Ex
581 948 645 991 33
688 950 736 992 et
779 948 859 993 10.
913 943 1178 1004 Imparium
1217 937 1563 1003 quadratorum
1603 938 1769 988 ordine
1807 945 2072 1002 augmenta
2109 948 2221 992 sunt
2259 943 2411 1005 paria.

330 1017 422 1076 35)
461 1014 518 1062 In
559 1018 921 1078 comparatione
960 1016 1185 1063 binorum
1224 1017 1592 1075 augmentorum
1631 1026 1740 1060 cum
1779 1011 1905 1060 binis
1946 1019 2133 1062 tantum
2173 1016 2274 1064 bini
2304 1015 2414 1065 aliis

461 1088 587 1136 binis
625 1095 738 1138 sunt
789 1089 998 1151 majores
1012 1124 1024 1149 ,
1078 1087 1271 1149 quoties
1308 1085 1488 1148 singuli
1526 1100 1556 1133 a
1594 1084 1798 1148 singulis
1837 1085 2021 1135 distant
2068 1088 2253 1138 binario
2293 1104 2414 1139 con-

456 1160 682 1222 junctim.

328 1234 421 1295 36)
459 1233 517 1281 In
556 1234 860 1283 ordinatione
898 1234 1155 1296 imparium
1197 1231 1292 1279 duo
1332 1236 1597 1293 augmenta
1635 1232 1907 1294 composita
1945 1237 2059 1281 sunt
2097 1249 2156 1284 ex
2184 1239 2215 1284 4
2252 1237 2410 1285 conti-

462 1308 572 1355 nuis
613 1309 888 1371 augmentis
927 1307 1247 1369 superiorum.

334 1380 426 1440 37)
465 1380 665 1429 Distant
703 1383 850 1444 igitur
888 1379 989 1428 illic
1026 1378 1221 1441 singula
1259 1391 1289 1426 a
1327 1375 1534 1439 singulis
1573 1377 1605 1424 4
1645 1376 1862 1426 binariis.

329 1454 422 1514 38)
462 1453 741 1516 Augmenta
779 1454 928 1517 igitur
965 1452 1044 1501 hic
1083 1454 1304 1500 crescunt
1341 1463 1427 1512 per
1466 1453 1514 1501 8.

331 1527 423 1587 39)
465 1525 530 1574 At
567 1528 772 1590 primum
813 1531 1127 1589 augmentum
1167 1528 1241 1572 est
1279 1525 1425 1572 etiam
1466 1526 1513 1571 8.
1912 1554 1927 1566 .

329 1602 418 1660 40)
459 1599 740 1662 Augmenta
778 1601 925 1663 igitur
961 1599 1040 1648 hic
1077 1602 1189 1647 sunt
1225 1595 1518 1659 multiplices
1558 1596 1795 1643 octonarii
1834 1597 2077 1662 continue.

330 1673 421 1732 41)
464 1673 531 1720 At
567 1672 756 1735 reliqua
793 1675 939 1722 etiam
979 1671 1220 1734 quadrata
1257 1677 1370 1718 sunt
1407 1667 1700 1732 multiplices
1741 1670 1992 1719 octonarii.

326 1747 418 1805 42)
460 1746 589 1808 Ergo
628 1745 707 1795 hic
745 1745 921 1794 dantur
960 1760 1118 1795 casus.
2166 1773 2170 1776 ·

329 1818 416 1880 43)
459 1816 697 1880 Quadrati
756 1819 1095 1883 multiplicium
1152 1832 1211 1867 ex
1270 1816 1578 1880 quaternario
1633 1820 1746 1864 sunt
1804 1814 2095 1879 multiplices
2154 1819 2407 1871 octonarii.

462 1897 524 1940 4:
552 1897 614 1940 16
657 1898 770 1940 sunt
810 1893 883 1941 bis
925 1895 984 1953 83
1028 1897 1129 1940 12:
1156 1895 1257 1940 144
1298 1894 1410 1938 sunt
1453 1885 1572 1937 18⁵⁶⁸
1601 1892 1658 1951 83
1700 1894 1928 1938 20:400
1965 1895 2077 1939 sunt
2105 1887 2226 1940 50⁵⁰⁸
2257 1897 2286 1942 8
2315 1899 2404 1943 etc.

326 1957 422 2029 44)
464 1962 691 2013 Omnium
733 1967 1095 2027 quaterniorum
1135 1970 1184 2013 et
1223 1963 1581 2012 octonariorum
1621 1976 1884 2025 eorumque
1911 1963 2253 2027 multiplicium
2283 1980 2408 2030 qua-

463 2036 601 2087 drata
639 2045 752 2087 sunt
790 2041 838 2086 in
878 2040 1153 2101 augmentis
1194 2038 1465 2099 imparium.

325 2110 416 2171 45)
456 2110 584 2175 Ergo
624 2126 654 2161 a
684 2117 714 2161 4
753 2111 817 2160 ad
843 2116 891 2173 8,
935 2117 1018 2174 12,
1062 2116 1125 2161 16
1153 2115 1244 2160 etc.
1287 2111 1485 2172 quintus
1525 2109 1734 2171 quisque
1772 2108 1826 2157 fit
1863 2109 2090 2160 minimus
2119 2125 2260 2161 casus
2287 2111 2405 2166 dati.

1049 2225 1500 2318 Praeceptum.

320 2342 583 2392 Numerum
621 2343 715 2394 hac
754 2344 861 2409 lege
902 2359 990 2408 pro
1027 2346 1226 2392 minimo
1268 2349 1547 2407 susceptum
1588 2341 1752 2393 divide
1789 2356 1877 2406 per
1901 2347 1950 2406 4,
1991 2345 2240 2407 quotiente
2278 2345 2407 2394 mul·
2453 2363 2456 2366 ·

148 2414 314 2477 tiplica
351 2419 657 2480 susceptum,
713 2420 796 2480 qui
836 2418 1099 2467 diminutus
1137 2419 1325 2465 unitate
1366 2416 1450 2465 dat
1486 2416 1724 2476 medium,
1775 2421 1947 2465 auctus
1996 2415 2081 2467 dat
2125 2419 2406 2470 maximum.

149 2488 266 2537 Esto
305 2491 533 2538 minimus
561 2496 623 2552 4,
664 2491 795 2553 quod
835 2490 999 2540 divide
1038 2506 1123 2554 per
1161 2496 1216 2552 4,
1256 2492 1392 2539 venit
1424 2496 1479 2551 13
1535 2490 1685 2540 semel
1714 2495 1745 2539 4
1784 2495 1896 2538 sunt
1926 2495 1996 2549 4⁹5.
2020 2489 2197 2554 reliqui
2233 2493 2404 2557 itaque

149 2566 196 2621 3,
239 2564 283 2612 5.
359 2562 443 2612 Sic
483 2565 537 2611 8:
580 2569 611 2612 4
651 2568 699 2611 in
741 2569 770 2613 8
810 2565 901 2624 bie,
943 2565 1018 2613 bis
1059 2569 1087 2614 8
1129 2567 1241 2612 sunt
1284 2568 1363 2623 16,
1407 2577 1520 2626 ergo
1566 2567 1645 2623 15,
1692 2568 1769 2614 17.
1833 2561 1915 2611 Sic
1951 2567 2078 2612 400:
2121 2570 2153 2614 4
2192 2566 2241 2612 in
2283 2570 2404 2628 400,

155 2631 327 2695 100¹⁶⁵,
374 2633 528 2684 100¹0⁸
574 2642 677 2686 400
718 2644 831 2686 sunt
858 2643 1050 2699 40000,
1094 2652 1208 2699 ergo
1238 2640 1431 2697 39999,
1462 2641 1654 2685 40001.
1717 2635 1834 2685 Vel:
1874 2635 2139 2685 Numerum
2166 2638 2258 2687 hac
2297 2638 2404 2702 lege

149 2713 427 2771 susceptum
465 2724 552 2772 pro
593 2711 790 2758 minimo
831 2710 994 2760 divide
1033 2725 1118 2774 per
1144 2717 1190 2770 2,
1233 2712 1480 2772 quotiente
1509 2709 1778 2772 multiplica
1815 2715 2093 2772 susceptum
2122 2717 2168 2760 et
2194 2711 2408 2774 prodibit

150 2795 338 2829 summa
376 2784 627 2845 utriusque
667 2784 882 2846 majoris,
923 2798 1128 2847 quorum
1167 2782 1353 2832 medius
1392 2784 1605 2831 maximo
1644 2783 1831 2831 binario
1871 2784 2027 2831 minor
2052 2789 2139 2833 est.
2198 2785 2314 2834 Esto
2344 2789 2402 2846 83

148 2867 235 2916 per
274 2859 304 2902 2
344 2861 458 2903 sunt
497 2861 543 2913 4,
585 2862 756 2919 quater
795 2861 823 2906 8
866 2862 979 2906 sunt
1018 2862 1110 2918 32,
1166 2871 1355 2905 summa
1393 2855 1655 2919 maj0rum,
1709 2870 1834 2918 quae
1873 2856 1942 2903 sic
1982 2855 2226 2906 dividatur
2267 2858 2315 2904 in
2357 2863 2403 2918 2,

149 2931 201 2974 ut
237 2940 361 2975 unus
402 2928 587 2977 binario
627 2932 690 2977 sit
727 2930 883 2993 major
919 2930 1101 2979 altero:
1142 2931 1211 2978 sic
1254 2934 1335 2990 15,
1381 2934 1462 2978 17.
1539 2928 1655 2977 Velz
1696 2928 1974 2992 Multiplica
2012 2929 2152 2978 binos
2191 2931 2402 2992 impares

150 2999 197 3045 in
235 3001 458 3058 invicem,
500 3002 703 3051 babebis
746 3002 988 3065 medium3
1027 3005 1266 3051 maximus
1294 3008 1368 3051 est
1392 3003 1580 3051 binario
1621 3002 1800 3063 major3
1840 3001 2080 3064 reliquum
2106 3002 2217 3051 inde
2243 3003 2402 3052 habe-

147 3070 275 3120 bitur
313 3088 373 3122 ex
411 3073 659 3124 additione
712 3077 969 3138 imparium
1018 3075 1462 3139 multiplicantium.
1542 3074 1651 3124 Hoc
1689 3076 1738 3121 in
1791 3076 1946 3137 primo
1995 3076 2176 3137 patitur
2224 3090 2404 3139 excep-

148 3145 328 3194 tionem
368 3154 565 3210 propter
603 3148 703 3197 alia
741 3149 847 3209 ejus
885 3149 1171 3211 privilegia3
1213 3163 1322 3196 nam
1362 3149 1412 3194 in
1445 3153 1490 3207 3,
1537 3153 1582 3207 4,
1626 3151 1671 3207 5,
1712 3149 1753 3195 si
1791 3149 1831 3195 is
1871 3146 2150 3196 traducatur
2188 3150 2235 3195 in
2275 3148 2404 3199 hunc

148 3217 412 3267 secundum
438 3219 672 3281 ordinem,
714 3226 742 3270 3
772 3228 845 3270 est
870 3224 1022 3270 instar
1048 3220 1210 3282 medii,
1242 3226 1271 3269 4
1299 3223 1451 3269 instar
1476 3221 1630 3283 primi,
1660 3234 1774 3283 ergo
1807 3225 1850 3281 1,
1881 3225 1908 3269 3
1939 3226 2013 3269 est
2039 3222 2086 3282 3,
2119 3223 2147 3270 5
2177 3221 2332 3284 major
2354 3228 2400 3272 4.

180 3335 203 3374 1
236 3336 354 3378 mult.
383 3337 428 3375 in
489 3337 516 3376 3
548 3341 609 3376 est
698 3338 723 3376 3
755 3338 942 3378 adde2..
991 3338 1016 3377 5
1076 3339 1105 3377 4
1251 3337 1342 3375 Uno
1364 3337 1510 3385 verbo,
1532 3337 1647 3388 paris
1670 3336 1877 3387 propositi
1898 3333 1942 3387 (a
1966 3337 2230 3387 quaternario
2254 3337 2400 3379 multi-

178 3394 206 3434 3
289 3424 312 3446 ,,
393 3425 417 3446 ,,
489 3396 515 3434 5
568 3426 592 3448 „
676 3396 727 3435 15
811 3427 835 3448 „
962 3398 1013 3435 17
1078 3397 1105 3436 8
1192 3392 1336 3447 plicis)
1367 3398 1506 3445 partes
1526 3394 1708 3447 impares
1732 3394 1866 3433 medio
1889 3396 2103 3446 proximas
2123 3395 2169 3435 in
2194 3408 2237 3437 se
2257 3396 2397 3438 multi-

178 3452 204 3491 5
286 3481 306 3499 .,
395 3483 418 3504 „
492 3453 515 3492 7
568 3484 592 3505 ‚,
674 3454 728 3493 35
813 3485 836 3506 ‚,
961 3455 1014 3494 37
1051 3455 1104 3493 12
1193 3453 1302 3502 plica
1330 3463 1406 3504 pro
1435 3450 1586 3492 medlo.

180 3511 203 3550 7
287 3541 310 3563 „
394 3541 416 3562 ,‚
490 3513 515 3550 9
567 3541 590 3564 ,,
676 3513 730 3551 63
813 3543 836 3565 ‚‚
962 3513 1016 3551 65
1052 3514 1103 3551 16
1250 3508 1363 3559 Quid
1393 3510 1429 3549 si
1459 3509 1570 3550 binis
1599 3510 1846 3549 intermissis
1879 3511 1978 3550 ordo
2009 3514 2220 3552 struatur?

178 3569 205 3609 9
301 3599 311 3620 ,
393 3599 416 3621 ‚,
462 3569 513 3609 11
568 3599 591 3621 „
671 3571 727 3609 99
811 3601 834 3623 ,‚
936 3571 1012 3610 101
1047 3572 1103 3610 20
1224 3570 1260 3609 1.
1323 3570 1365 3611 4.
1425 3569 1463 3607 7.
1527 3564 2120 3612 10.13.16.19.22
2180 3572 2250 3614 25
2313 3576 2368 3616 28
2415 3564 2421 3571 “

186 3630 205 3668 1
300 3658 310 3679 ,
394 3658 417 3678 ,,
461 3629 515 3668 13
568 3659 591 3680 ,,
646 3629 728 3668 143
812 3658 835 3679 „
934 3629 1015 3669 145
1047 3630 1102 3668 24
1225 3629 1262 3666 1
1298 3627 1362 3666 16
1395 3628 1463 3667 49.
1499 3627 1595 3669 100.
1631 3627 1724 3666 169.
1758 3627 1855 3667 256.
1890 3629 1988 3671 361.
2022 3630 2121 3674 484.
2154 3631 2253 3674 625.
2285 3634 2370 3675 784

1249 3701 1314 3740 15
1349 3700 1420 3739 33.
1454 3702 1525 3742 51.
1576 3701 1645 3740 69.
1706 3701 1778 3744 87
1833 3702 1930 3742 105.
1966 3688 2390 3747 lm

1311 3758 1471 3798 1818
1525 3758 1579 3798 18
1656 3760 1709 3800 19
1782 3760 1835 3800 19
1926 3763 1979 3802 19
2053 3763 2106 3803 19
2184 3765 2237 3805 19

1250 3814 1490 3867 Quaeritur,
1533 3828 1586 3855 an
1629 3818 1673 3857 in
1712 3817 1777 3858 his
1807 3820 2040 3870 augmentis
2073 3826 2260 3863 occurrat
2290 3835 2396 3881 qua-

1194 3873 1333 3914 dratus
1363 3873 1550 3928 aliquis?

156 3629 172 3666 1
