<?xml version="1.0" encoding="UTF-8"?>
<!DOCTYPE html PUBLIC "-//W3C//DTD XHTML 1.0 Transitional//EN"
    "http://www.w3.org/TR/xhtml1/DTD/xhtml1-transitional.dtd">
<html xmlns="http://www.w3.org/1999/xhtml" xml:lang="en" lang="en">
 <head>
  <title>
</title>
<meta http-equiv="Content-Type" content="text/html;charset=utf-8" />
  <meta name='ocr-system' content='tesseract 3.04.00' />
  <meta name='ocr-capabilities' content='ocr_page ocr_carea ocr_par ocr_line ocrx_word'/>
</head>
<body>
  <div class='ocr_page' id='page_1' title='image "./operaomniaedidit81kepluoft_0173.png"; bbox 0 0 2652 4088; ppageno 0'>
   <div class='ocr_carea' id='block_1_1' title="bbox 1038 128 2357 185">
    <p class='ocr_par' dir='ltr' id='par_1_1' title="bbox 1038 128 2357 185">
     <span class='ocr_line' id='line_1_1' title="bbox 1038 128 2357 185; baseline 0.008 -10"><span class='ocrx_word' id='word_1_1' title='bbox 1038 131 1072 175; x_wconf 90' lang='lat'><strong>1.</strong></span> <span class='ocrx_word' id='word_1_2' title='bbox 1104 128 1443 176; x_wconf 84' lang='lat' dir='ltr'><strong>Mathematica.</strong></span> <span class='ocrx_word' id='word_1_3' title='bbox 1764 129 1771 133; x_wconf 66' lang='grc'><em>”</em></span> <span class='ocrx_word' id='word_1_4' title='bbox 2255 128 2357 185; x_wconf 78' lang='grc'><strong>159</strong></span> 
     </span>
    </p>
   </div>
   <div class='ocr_carea' id='block_1_2' title="bbox 112 277 2363 1003">
    <p class='ocr_par' dir='ltr' id='par_1_2' title="bbox 112 277 2363 1003">
     <span class='ocr_line' id='line_1_2' title="bbox 118 277 2359 345; baseline -0.004 -12"><span class='ocrx_word' id='word_1_5' title='bbox 118 284 251 334; x_wconf 86' lang='lat' dir='ltr'><strong>leudi</strong></span> <span class='ocrx_word' id='word_1_6' title='bbox 292 283 370 333; x_wconf 84' lang='lat' dir='ltr'><strong>vel</strong></span> <span class='ocrx_word' id='word_1_7' title='bbox 406 281 628 343; x_wconf 87' lang='lat' dir='ltr'><strong>nolendi,</strong></span> <span class='ocrx_word' id='word_1_8' title='bbox 667 295 794 345; x_wconf 82' lang='lat' dir='ltr'><strong>quae</strong></span> <span class='ocrx_word' id='word_1_9' title='bbox 833 295 941 329; x_wconf 90' lang='lat' dir='ltr'><strong>eum</strong></span> <span class='ocrx_word' id='word_1_10' title='bbox 979 281 1043 329; x_wconf 88' lang='lat' dir='ltr'><strong>sit</strong></span> <span class='ocrx_word' id='word_1_11' title='bbox 1082 279 1384 341; x_wconf 77' lang='lat' dir='ltr'><strong>essentialiS,</strong></span> <span class='ocrx_word' id='word_1_12' title='bbox 1432 293 1529 328; x_wconf 89' lang='lat' dir='ltr'><strong>non</strong></span> <span class='ocrx_word' id='word_1_13' title='bbox 1566 279 1691 343; x_wconf 88' lang='lat' dir='ltr'><strong>perit</strong></span> <span class='ocrx_word' id='word_1_14' title='bbox 1728 281 1775 326; x_wconf 90' lang='lat' dir='ltr'><strong>in</strong></span> <span class='ocrx_word' id='word_1_15' title='bbox 1814 277 1954 342; x_wconf 89' lang='lat' dir='ltr'><strong>lapso</strong></span> <span class='ocrx_word' id='word_1_16' title='bbox 1993 277 2218 344; x_wconf 87' lang='lat' dir='ltr'><strong>homine,</strong></span> <span class='ocrx_word' id='word_1_17' title='bbox 2268 279 2359 327; x_wconf 89' lang='lat' dir='ltr'><strong>etsi</strong></span> 
     </span>
     <span class='ocr_line' id='line_1_3' title="bbox 112 351 2362 416; baseline -0.003 -10"><span class='ocrx_word' id='word_1_18' title='bbox 112 357 318 407; x_wconf 87' lang='lat' dir='ltr'><strong>liberum</strong></span> <span class='ocrx_word' id='word_1_19' title='bbox 345 357 608 416; x_wconf 82' lang='lat' dir='ltr'>arbitrium,</span> <span class='ocrx_word' id='word_1_20' title='bbox 634 354 944 404; x_wconf 82' lang='lat' dir='ltr'><strong>materialiter</strong></span> <span class='ocrx_word' id='word_1_21' title='bbox 969 353 1340 414; x_wconf 90' lang='lat' dir='ltr'><strong>consideratum,</strong></span> <span class='ocrx_word' id='word_1_22' title='bbox 1367 367 1432 402; x_wconf 91' lang='lat' dir='ltr'><strong>sc.</strong></span> <span class='ocrx_word' id='word_1_23' title='bbox 1458 353 1663 402; x_wconf 91' lang='lat' dir='ltr'><strong>liberum</strong></span> <span class='ocrx_word' id='word_1_24' title='bbox 1690 351 2013 414; x_wconf 84' lang='lat' dir='ltr'>acquirendae</span> <span class='ocrx_word' id='word_1_25' title='bbox 2042 351 2362 401; x_wconf 78' lang='lat' dir='ltr'><strong>beatitudinis</strong></span> 
     </span>
     <span class='ocr_line' id='line_1_4' title="bbox 116 424 2361 493; baseline -0.004 -13"><span class='ocrx_word' id='word_1_26' title='bbox 116 445 176 480; x_wconf 85' lang='lat' dir='ltr'><strong>ex</strong></span> <span class='ocrx_word' id='word_1_27' title='bbox 212 432 395 493; x_wconf 85' lang='lat' dir='ltr'><strong>propiis</strong></span> <span class='ocrx_word' id='word_1_28' title='bbox 434 430 616 478; x_wconf 85' lang='lat' dir='ltr'><strong>viribus</strong></span> <span class='ocrx_word' id='word_1_29' title='bbox 655 428 920 488; x_wconf 82' lang='lat' dir='ltr'><strong>arbitrium,</strong></span> <span class='ocrx_word' id='word_1_30' title='bbox 960 433 1143 490; x_wconf 87' lang='lat' dir='ltr'><strong>pereat.</strong></span> <span class='ocrx_word' id='word_1_31' title='bbox 1222 426 1364 488; x_wconf 87' lang='lat' dir='ltr'><strong>Quod</strong></span> <span class='ocrx_word' id='word_1_32' title='bbox 1402 426 1464 475; x_wconf 93' lang='lat' dir='ltr'><strong>ad</strong></span> <span class='ocrx_word' id='word_1_33' title='bbox 1501 425 1798 475; x_wconf 90' lang='lat' dir='ltr'><strong>intellectum</strong></span> <span class='ocrx_word' id='word_1_34' title='bbox 1836 426 2023 486; x_wconf 85' lang='lat' dir='ltr'><strong>attinet,</strong></span> <span class='ocrx_word' id='word_1_35' title='bbox 2064 427 2191 474; x_wconf 90' lang='lat' dir='ltr'><strong>sicut</strong></span> <span class='ocrx_word' id='word_1_36' title='bbox 2226 424 2361 473; x_wconf 90' lang='lat' dir='ltr'><strong>Deus</strong></span> 
     </span>
     <span class='ocr_line' id='line_1_5' title="bbox 117 497 2362 564; baseline -0.004 -12"><span class='ocrx_word' id='word_1_37' title='bbox 117 509 191 552; x_wconf 86' lang='lat' dir='ltr'><strong>est</strong></span> <span class='ocrx_word' id='word_1_38' title='bbox 228 517 390 563; x_wconf 78' lang='lat' dir='ltr'><strong>menS,</strong></span> <span class='ocrx_word' id='word_1_39' title='bbox 438 516 564 564; x_wconf 88' lang='lat' dir='ltr'><strong>quac</strong></span> <span class='ocrx_word' id='word_1_40' title='bbox 602 516 655 550; x_wconf 90' lang='lat' dir='ltr'><strong>se</strong></span> <span class='ocrx_word' id='word_1_41' title='bbox 693 503 849 563; x_wconf 84' lang='lat' dir='ltr'><strong>ipsam</strong></span> <span class='ocrx_word' id='word_1_42' title='bbox 887 499 1118 562; x_wconf 84' lang='lat' dir='ltr'><strong>intelligit</strong></span> <span class='ocrx_word' id='word_1_43' title='bbox 1155 501 1502 562; x_wconf 81' lang='lat' dir='ltr'><strong>perfectissimo</strong></span> <span class='ocrx_word' id='word_1_44' title='bbox 1542 505 1589 548; x_wconf 92' lang='lat' dir='ltr'><strong>et</strong></span> <span class='ocrx_word' id='word_1_45' title='bbox 1628 497 1877 548; x_wconf 82' lang='lat' dir='ltr'><strong>essentiali</strong></span> <span class='ocrx_word' id='word_1_46' title='bbox 1917 504 2054 558; x_wconf 88' lang='lat' dir='ltr'><strong>actu,</strong></span> <span class='ocrx_word' id='word_1_47' title='bbox 2095 500 2165 547; x_wconf 88' lang='lat' dir='ltr'><strong>ita</strong></span> <span class='ocrx_word' id='word_1_48' title='bbox 2201 497 2362 547; x_wconf 87' lang='lat' dir='ltr'><strong>homi·-</strong></span> 
     </span>
     <span class='ocr_line' id='line_1_6' title="bbox 114 570 2362 636; baseline -0.002 -13"><span class='ocrx_word' id='word_1_49' title='bbox 114 590 225 624; x_wconf 86' lang='lat' dir='ltr'><strong>nem</strong></span> <span class='ocrx_word' id='word_1_50' title='bbox 266 574 483 625; x_wconf 86' lang='lat' dir='ltr'><strong>condidit</strong></span> <span class='ocrx_word' id='word_1_51' title='bbox 521 577 568 622; x_wconf 91' lang='lat' dir='ltr'><strong>in</strong></span> <span class='ocrx_word' id='word_1_52' title='bbox 608 575 819 622; x_wconf 90' lang='lat' dir='ltr'><strong>animam</strong></span> <span class='ocrx_word' id='word_1_53' title='bbox 856 572 1238 636; x_wconf 85' lang='lat' dir='ltr'><strong>intelligentem,</strong></span> <span class='ocrx_word' id='word_1_54' title='bbox 1288 572 1373 620; x_wconf 86' lang='lat' dir='ltr'><strong>sed</strong></span> <span class='ocrx_word' id='word_1_55' title='bbox 1423 572 1562 634; x_wconf 89' lang='lat' dir='ltr'><strong>cujus</strong></span> <span class='ocrx_word' id='word_1_56' title='bbox 1609 571 1873 620; x_wconf 78' lang='lat' dir='ltr'><strong>intellectio</strong></span> <span class='ocrx_word' id='word_1_57' title='bbox 1913 570 2137 620; x_wconf 88' lang='lat' dir='ltr'><strong>accidens</strong></span> <span class='ocrx_word' id='word_1_58' title='bbox 2174 577 2362 620; x_wconf 87' lang='lat' dir='ltr'><strong>tantum</strong></span> 
     </span>
     <span class='ocr_line' id='line_1_7' title="bbox 118 644 2360 709; baseline -0.002 -12"><span class='ocrx_word' id='word_1_59' title='bbox 118 655 191 697; x_wconf 89' lang='lat' dir='ltr'><strong>est</strong></span> <span class='ocrx_word' id='word_1_60' title='bbox 229 655 276 698; x_wconf 87' lang='lat' dir='ltr'><strong>et</strong></span> <span class='ocrx_word' id='word_1_61' title='bbox 323 649 495 696; x_wconf 88' lang='lat' dir='ltr'><strong>abesse</strong></span> <span class='ocrx_word' id='word_1_62' title='bbox 542 653 725 709; x_wconf 89' lang='lat' dir='ltr'><strong>potest,</strong></span> <span class='ocrx_word' id='word_1_63' title='bbox 777 652 831 694; x_wconf 93' lang='lat' dir='ltr'><strong>ut</strong></span> <span class='ocrx_word' id='word_1_64' title='bbox 881 649 929 693; x_wconf 92' lang='lat' dir='ltr'><strong>in</strong></span> <span class='ocrx_word' id='word_1_65' title='bbox 968 645 1248 694; x_wconf 86' lang='lat' dir='ltr'><strong>infantibus.</strong></span> <span class='ocrx_word' id='word_1_66' title='bbox 1324 646 1385 692; x_wconf 92' lang='lat' dir='ltr'><strong>Et</strong></span> <span class='ocrx_word' id='word_1_67' title='bbox 1431 647 1557 694; x_wconf 90' lang='lat' dir='ltr'><strong>sicut</strong></span> <span class='ocrx_word' id='word_1_68' title='bbox 1595 646 1729 693; x_wconf 89' lang='lat' dir='ltr'><strong>Deus</strong></span> <span class='ocrx_word' id='word_1_69' title='bbox 1781 650 1854 692; x_wconf 88' lang='lat' dir='ltr'><strong>est</strong></span> <span class='ocrx_word' id='word_1_70' title='bbox 1903 644 2174 693; x_wconf 87' lang='lat' dir='ltr'><strong>essentialis</strong></span> <span class='ocrx_word' id='word_1_71' title='bbox 2221 645 2360 705; x_wconf 88' lang='lat' dir='ltr'><strong>rati0,</strong></span> 
     </span>
     <span class='ocr_line' id='line_1_8' title="bbox 114 717 2362 782; baseline -0.001 -13"><span class='ocrx_word' id='word_1_72' title='bbox 114 721 242 770; x_wconf 90' lang='lat' dir='ltr'><strong>unde</strong></span> <span class='ocrx_word' id='word_1_73' title='bbox 279 720 424 780; x_wconf 87' lang='lat' dir='ltr'><strong>filius,</strong></span> <span class='ocrx_word' id='word_1_74' title='bbox 464 726 606 768; x_wconf 89' lang='lat' dir='ltr'><strong>natus</strong></span> <span class='ocrx_word' id='word_1_75' title='bbox 633 735 664 768; x_wconf 90' lang='lat' dir='ltr'><strong>a</strong></span> <span class='ocrx_word' id='word_1_76' title='bbox 700 725 860 782; x_wconf 89' lang='lat' dir='ltr'><strong>patre,</strong></span> <span class='ocrx_word' id='word_1_77' title='bbox 900 726 1137 780; x_wconf 84' lang='lat' dir='ltr'><strong>tanquam</strong></span> <span class='ocrx_word' id='word_1_78' title='bbox 1173 719 1235 766; x_wconf 88' lang='lat' dir='ltr'><strong>ab</strong></span> <span class='ocrx_word' id='word_1_79' title='bbox 1275 724 1472 766; x_wconf 90' lang='lat' dir='ltr'><strong>aeterna</strong></span> <span class='ocrx_word' id='word_1_80' title='bbox 1509 724 1692 778; x_wconf 87' lang='lat' dir='ltr'><strong>mente,</strong></span> <span class='ocrx_word' id='word_1_81' title='bbox 1732 717 1825 767; x_wconf 93' lang='lat' dir='ltr'><strong>Dei</strong></span> <span class='ocrx_word' id='word_1_82' title='bbox 1866 719 2001 782; x_wconf 77' lang='grc' dir='ltr'><em>λογος</em></span> <span class='ocrx_word' id='word_1_83' title='bbox 2040 717 2238 778; x_wconf 89' lang='lat' dir='ltr'><strong>dicitur,</strong></span> <span class='ocrx_word' id='word_1_84' title='bbox 2293 718 2362 766; x_wconf 87' lang='lat' dir='ltr'><strong>ita</strong></span> 
     </span>
     <span class='ocr_line' id='line_1_9' title="bbox 117 790 2362 854; baseline -0.002 -12"><span class='ocrx_word' id='word_1_85' title='bbox 117 796 263 844; x_wconf 86' lang='lat' dir='ltr'><strong>etiam</strong></span> <span class='ocrx_word' id='word_1_86' title='bbox 310 799 504 842; x_wconf 89' lang='lat' dir='ltr'><strong>nostrae</strong></span> <span class='ocrx_word' id='word_1_87' title='bbox 557 795 707 840; x_wconf 88' lang='lat' dir='ltr'><strong>menti</strong></span> <span class='ocrx_word' id='word_1_88' title='bbox 754 792 985 854; x_wconf 89' lang='lat' dir='ltr'><strong>adjuncta</strong></span> <span class='ocrx_word' id='word_1_89' title='bbox 1021 790 1226 839; x_wconf 86' lang='lat' dir='ltr'><strong>facultas</strong></span> <span class='ocrx_word' id='word_1_90' title='bbox 1264 792 1387 839; x_wconf 88' lang='lat' dir='ltr'><strong>ratio</strong></span> <span class='ocrx_word' id='word_1_91' title='bbox 1427 790 1622 850; x_wconf 90' lang='lat' dir='ltr'><strong>dicitur,</strong></span> <span class='ocrx_word' id='word_1_92' title='bbox 1677 805 1774 853; x_wconf 89' lang='lat' dir='ltr'><strong>qua</strong></span> <span class='ocrx_word' id='word_1_93' title='bbox 1819 804 2077 853; x_wconf 89' lang='lat' dir='ltr'><strong>possumus</strong></span> <span class='ocrx_word' id='word_1_94' title='bbox 2115 804 2264 838; x_wconf 92' lang='lat' dir='ltr'><strong>unum</strong></span> <span class='ocrx_word' id='word_1_95' title='bbox 2303 805 2362 838; x_wconf 85' lang='lat' dir='ltr'><strong>ex</strong></span> 
     </span>
     <span class='ocr_line' id='line_1_10' title="bbox 117 862 2363 928; baseline -0.002 -13"><span class='ocrx_word' id='word_1_96' title='bbox 117 867 216 915; x_wconf 92' lang='lat' dir='ltr'><strong>alio</strong></span> <span class='ocrx_word' id='word_1_97' title='bbox 254 866 546 915; x_wconf 86' lang='lat' dir='ltr'><strong>ratiocinari.</strong></span> <span class='ocrx_word' id='word_1_98' title='bbox 611 865 673 911; x_wconf 91' lang='lat' dir='ltr'><strong>Et</strong></span> <span class='ocrx_word' id='word_1_99' title='bbox 709 867 835 913; x_wconf 91' lang='lat' dir='ltr'><strong>sicut</strong></span> <span class='ocrx_word' id='word_1_100' title='bbox 872 865 957 912; x_wconf 90' lang='lat' dir='ltr'><strong>illa</strong></span> <span class='ocrx_word' id='word_1_101' title='bbox 995 871 1192 913; x_wconf 88' lang='lat' dir='ltr'><strong>aeterna</strong></span> <span class='ocrx_word' id='word_1_102' title='bbox 1229 878 1365 911; x_wconf 90' lang='lat' dir='ltr'><strong>mens</strong></span> <span class='ocrx_word' id='word_1_103' title='bbox 1405 863 1653 925; x_wconf 89' lang='lat' dir='ltr'><strong>corporale</strong></span> <span class='ocrx_word' id='word_1_104' title='bbox 1693 862 1836 925; x_wconf 90' lang='lat' dir='ltr'><strong>quid,</strong></span> <span class='ocrx_word' id='word_1_105' title='bbox 1880 865 2018 928; x_wconf 75' lang='grc' dir='ltr'><em>λογον</em></span> <span class='ocrx_word' id='word_1_106' title='bbox 2055 871 2363 912; x_wconf 88' lang='lat' dir='ltr'><strong>coaeternum</strong></span> 
     </span>
     <span class='ocr_line' id='line_1_11' title="bbox 115 937 2362 1003; baseline -0 -19"><span class='ocrx_word' id='word_1_107' title='bbox 115 940 271 1003; x_wconf 87' lang='lat' dir='ltr'><strong>gignit</strong></span> <span class='ocrx_word' id='word_1_108' title='bbox 309 944 357 986; x_wconf 92' lang='lat' dir='ltr'><strong>et</strong></span> <span class='ocrx_word' id='word_1_109' title='bbox 395 951 695 986; x_wconf 89' lang='lat' dir='ltr'><strong>communem</strong></span> <span class='ocrx_word' id='word_1_110' title='bbox 722 939 941 999; x_wconf 86' lang='lat' dir='ltr'><strong>spiritum</strong></span> <span class='ocrx_word' id='word_1_111' title='bbox 968 939 1133 999; x_wconf 87' lang='lat' dir='ltr'><strong>spirat,</strong></span> <span class='ocrx_word' id='word_1_112' title='bbox 1175 941 1247 984; x_wconf 89' lang='lat' dir='ltr'><strong>est</strong></span> <span class='ocrx_word' id='word_1_113' title='bbox 1286 942 1333 984; x_wconf 91' lang='lat' dir='ltr'><strong>et</strong></span> <span class='ocrx_word' id='word_1_114' title='bbox 1359 937 1567 984; x_wconf 89' lang='lat' dir='ltr'><strong>creditur</strong></span> <span class='ocrx_word' id='word_1_115' title='bbox 1606 938 1730 984; x_wconf 90' lang='lat' dir='ltr'><strong>trina</strong></span> <span class='ocrx_word' id='word_1_116' title='bbox 1770 938 1816 983; x_wconf 92' lang='lat' dir='ltr'><strong>in</strong></span> <span class='ocrx_word' id='word_1_117' title='bbox 1843 937 2078 999; x_wconf 79' lang='lat' dir='ltr'><strong>personiS,</strong></span> <span class='ocrx_word' id='word_1_118' title='bbox 2119 938 2188 984; x_wconf 91' lang='lat' dir='ltr'><strong>ita</strong></span> <span class='ocrx_word' id='word_1_119' title='bbox 2215 937 2362 984; x_wconf 86' lang='lat' dir='ltr'><strong>etiam</strong></span> 
     </span>
    </p>
   </div>
   <div class='ocr_carea' id='block_1_3' title="bbox 0 999 2360 1072">
    <p class='ocr_par' dir='ltr' id='par_1_3' title="bbox 0 999 2360 1072">
     <span class='ocr_line' id='line_1_12' title="bbox 0 999 2360 1072; baseline -0.001 -13"><span class='ocrx_word' id='word_1_120' title='bbox 0 999 29 1040; x_wconf 39' lang='grc' dir='ltr'><strong><em>Ψ</em></strong></span> <span class='ocrx_word' id='word_1_121' title='bbox 117 1013 166 1059; x_wconf 91' lang='lat' dir='ltr'><strong>in</strong></span> <span class='ocrx_word' id='word_1_122' title='bbox 205 1011 398 1060; x_wconf 89' lang='lat' dir='ltr'><strong>homine</strong></span> <span class='ocrx_word' id='word_1_123' title='bbox 437 1009 644 1059; x_wconf 84' lang='lat' dir='ltr'><strong>facultas</strong></span> <span class='ocrx_word' id='word_1_124' title='bbox 683 1009 984 1072; x_wconf 89' lang='lat' dir='ltr'><strong>intelligendi</strong></span> <span class='ocrx_word' id='word_1_125' title='bbox 1024 1016 1072 1058; x_wconf 91' lang='lat' dir='ltr'><strong>et</strong></span> <span class='ocrx_word' id='word_1_126' title='bbox 1109 1008 1420 1069; x_wconf 89' lang='lat' dir='ltr'><strong>numerandi,</strong></span> <span class='ocrx_word' id='word_1_127' title='bbox 1462 1020 1682 1072; x_wconf 86' lang='lat' dir='ltr'><strong>quorum</strong></span> <span class='ocrx_word' id='word_1_128' title='bbox 1705 1008 1823 1056; x_wconf 91' lang='lat' dir='ltr'><strong>illud</strong></span> <span class='ocrx_word' id='word_1_129' title='bbox 1860 1009 1961 1069; x_wconf 89' lang='lat' dir='ltr'><strong>filii,</strong></span> <span class='ocrx_word' id='word_1_130' title='bbox 2002 1008 2094 1056; x_wconf 89' lang='lat' dir='ltr'><strong>hoc</strong></span> <span class='ocrx_word' id='word_1_131' title='bbox 2133 1010 2360 1057; x_wconf 87' lang='lat' dir='ltr'><strong>trinitatis</strong></span> 
     </span>
    </p>
   </div>
   <div class='ocr_carea' id='block_1_4' title="bbox 111 1082 2363 1512">
    <p class='ocr_par' dir='ltr' id='par_1_4' title="bbox 111 1082 2363 1512">
     <span class='ocr_line' id='line_1_13' title="bbox 112 1082 2355 1146; baseline -0 -15"><span class='ocrx_word' id='word_1_132' title='bbox 112 1084 254 1133; x_wconf 81' lang='lat' dir='ltr'><strong>refert</strong></span> <span class='ocrx_word' id='word_1_133' title='bbox 292 1085 566 1146; x_wconf 87' lang='lat' dir='ltr'><strong>imaginem,</strong></span> <span class='ocrx_word' id='word_1_134' title='bbox 605 1085 676 1130; x_wconf 90' lang='lat' dir='ltr'><strong>sic</strong></span> <span class='ocrx_word' id='word_1_135' title='bbox 709 1083 881 1144; x_wconf 88' lang='lat' dir='ltr'><strong>juncta</strong></span> <span class='ocrx_word' id='word_1_136' title='bbox 918 1088 1044 1143; x_wconf 89' lang='lat' dir='ltr'><strong>sunt,</strong></span> <span class='ocrx_word' id='word_1_137' title='bbox 1084 1089 1137 1130; x_wconf 91' lang='lat' dir='ltr'><strong>ut</strong></span> <span class='ocrx_word' id='word_1_138' title='bbox 1176 1097 1324 1130; x_wconf 90' lang='lat' dir='ltr'><strong>unum</strong></span> <span class='ocrx_word' id='word_1_139' title='bbox 1363 1082 1562 1130; x_wconf 89' lang='lat' dir='ltr'><strong>alterius</strong></span> <span class='ocrx_word' id='word_1_140' title='bbox 1603 1096 1752 1131; x_wconf 89' lang='lat' dir='ltr'><strong>causa</strong></span> <span class='ocrx_word' id='word_1_141' title='bbox 1790 1083 1866 1142; x_wconf 92' lang='lat' dir='ltr'><strong>sit,</strong></span> <span class='ocrx_word' id='word_1_142' title='bbox 1906 1087 1961 1129; x_wconf 94' lang='lat' dir='ltr'><strong>ut</strong></span> <span class='ocrx_word' id='word_1_143' title='bbox 1998 1083 2122 1129; x_wconf 91' lang='lat' dir='ltr'><strong>sicut</strong></span> <span class='ocrx_word' id='word_1_144' title='bbox 2160 1096 2190 1129; x_wconf 89' lang='lat' dir='ltr'><strong>a</strong></span> <span class='ocrx_word' id='word_1_145' title='bbox 2230 1082 2355 1141; x_wconf 83' lang='lat' dir='ltr'><strong>Dee,</strong></span> 
     </span>
     <span class='ocr_line' id='line_1_14' title="bbox 114 1155 2363 1220; baseline -0.001 -16"><span class='ocrx_word' id='word_1_146' title='bbox 114 1159 199 1220; x_wconf 89' lang='lat' dir='ltr'><strong>qui</strong></span> <span class='ocrx_word' id='word_1_147' title='bbox 235 1171 372 1204; x_wconf 91' lang='lat' dir='ltr'><strong>mens</strong></span> <span class='ocrx_word' id='word_1_148' title='bbox 411 1162 460 1204; x_wconf 91' lang='lat' dir='ltr'><strong>et</strong></span> <span class='ocrx_word' id='word_1_149' title='bbox 496 1157 621 1204; x_wconf 90' lang='lat' dir='ltr'><strong>ratio</strong></span> <span class='ocrx_word' id='word_1_150' title='bbox 661 1155 933 1203; x_wconf 88' lang='lat' dir='ltr'><strong>essentialis</strong></span> <span class='ocrx_word' id='word_1_151' title='bbox 973 1161 1060 1214; x_wconf 86' lang='lat' dir='ltr'><strong>est,</strong></span> <span class='ocrx_word' id='word_1_152' title='bbox 1100 1156 1288 1203; x_wconf 88' lang='lat' dir='ltr'><strong>trinitas</strong></span> <span class='ocrx_word' id='word_1_153' title='bbox 1326 1169 1641 1217; x_wconf 85' lang='lat' dir='ltr'><strong>personarum</strong></span> <span class='ocrx_word' id='word_1_154' title='bbox 1678 1156 1892 1217; x_wconf 83' lang='lat' dir='ltr'><strong>separari</strong></span> <span class='ocrx_word' id='word_1_155' title='bbox 1930 1169 2026 1202; x_wconf 90' lang='lat' dir='ltr'><strong>non</strong></span> <span class='ocrx_word' id='word_1_156' title='bbox 2065 1160 2252 1216; x_wconf 89' lang='lat' dir='ltr'><strong>potest,</strong></span> <span class='ocrx_word' id='word_1_157' title='bbox 2292 1156 2363 1203; x_wconf 89' lang='lat' dir='ltr'><strong>sic</strong></span> 
     </span>
     <span class='ocr_line' id='line_1_15' title="bbox 111 1225 2362 1287; baseline -0.001 -10"><span class='ocrx_word' id='word_1_158' title='bbox 111 1232 161 1277; x_wconf 88' lang='lat' dir='ltr'><strong>in</strong></span> <span class='ocrx_word' id='word_1_159' title='bbox 198 1229 409 1278; x_wconf 88' lang='lat' dir='ltr'><strong>hominis</strong></span> <span class='ocrx_word' id='word_1_160' title='bbox 446 1229 609 1277; x_wconf 90' lang='lat' dir='ltr'><strong>animo</strong></span> <span class='ocrx_word' id='word_1_161' title='bbox 648 1228 927 1287; x_wconf 88' lang='lat' dir='ltr'><strong>intellectio,</strong></span> <span class='ocrx_word' id='word_1_162' title='bbox 967 1229 1272 1276; x_wconf 88' lang='lat' dir='ltr'><strong>ratiocinatio</strong></span> <span class='ocrx_word' id='word_1_163' title='bbox 1301 1234 1348 1276; x_wconf 90' lang='lat' dir='ltr'><strong>et</strong></span> <span class='ocrx_word' id='word_1_164' title='bbox 1374 1229 1644 1276; x_wconf 89' lang='lat' dir='ltr'><strong>numeratio</strong></span> <span class='ocrx_word' id='word_1_165' title='bbox 1685 1228 1991 1276; x_wconf 84' lang='lat' dir='ltr'><strong>cohaereant.</strong></span> <span class='ocrx_word' id='word_1_166' title='bbox 2058 1225 2227 1275; x_wconf 88' lang='lat' dir='ltr'><strong>Omnis</strong></span> <span class='ocrx_word' id='word_1_167' title='bbox 2265 1229 2362 1275; x_wconf 91' lang='lat' dir='ltr'><strong>ita-</strong></span> 
     </span>
     <span class='ocr_line' id='line_1_16' title="bbox 117 1300 2360 1365; baseline -0.002 -14"><span class='ocrx_word' id='word_1_168' title='bbox 117 1317 211 1365; x_wconf 88' lang='lat' dir='ltr'><strong>que</strong></span> <span class='ocrx_word' id='word_1_169' title='bbox 249 1315 554 1351; x_wconf 88' lang='lat' dir='ltr'><strong>numerorum</strong></span> <span class='ocrx_word' id='word_1_170' title='bbox 595 1302 730 1363; x_wconf 86' lang='lat' dir='ltr'><strong>origo</strong></span> <span class='ocrx_word' id='word_1_171' title='bbox 768 1316 798 1349; x_wconf 92' lang='lat' dir='ltr'><strong>a</strong></span> <span class='ocrx_word' id='word_1_172' title='bbox 829 1301 938 1349; x_wconf 92' lang='lat' dir='ltr'><strong>Deo</strong></span> <span class='ocrx_word' id='word_1_173' title='bbox 978 1308 1052 1349; x_wconf 88' lang='lat' dir='ltr'><strong>est</strong></span> <span class='ocrx_word' id='word_1_174' title='bbox 1087 1315 1175 1363; x_wconf 90' lang='lat' dir='ltr'><strong>per</strong></span> <span class='ocrx_word' id='word_1_175' title='bbox 1212 1302 1532 1363; x_wconf 69' lang='lat' dir='ltr'><strong>creationem,</strong></span> <span class='ocrx_word' id='word_1_176' title='bbox 1572 1301 1781 1349; x_wconf 89' lang='lat' dir='ltr'><strong>unitates</strong></span> <span class='ocrx_word' id='word_1_177' title='bbox 1821 1300 2015 1362; x_wconf 90' lang='lat' dir='ltr'><strong>quidem</strong></span> <span class='ocrx_word' id='word_1_178' title='bbox 2054 1313 2209 1348; x_wconf 86' lang='lat' dir='ltr'><strong>rerum</strong></span> <span class='ocrx_word' id='word_1_179' title='bbox 2249 1307 2360 1348; x_wconf 88' lang='lat' dir='ltr'><strong>sunt</strong></span> 
     </span>
     <span class='ocr_line' id='line_1_17' title="bbox 111 1372 2362 1439; baseline -0.002 -15"><span class='ocrx_word' id='word_1_180' title='bbox 111 1390 198 1439; x_wconf 88' lang='lat' dir='ltr'><strong>per</strong></span> <span class='ocrx_word' id='word_1_181' title='bbox 236 1377 528 1427; x_wconf 85' lang='lat' dir='ltr'><strong>creationem</strong></span> <span class='ocrx_word' id='word_1_182' title='bbox 565 1388 739 1435; x_wconf 88' lang='lat' dir='ltr'><strong>rerum,</strong></span> <span class='ocrx_word' id='word_1_183' title='bbox 778 1372 864 1423; x_wconf 90' lang='lat' dir='ltr'><strong>sed</strong></span> <span class='ocrx_word' id='word_1_184' title='bbox 902 1374 1108 1422; x_wconf 83' lang='lat' dir='ltr'><strong>facultas</strong></span> <span class='ocrx_word' id='word_1_185' title='bbox 1146 1373 1429 1422; x_wconf 91' lang='lat' dir='ltr'><strong>numerandi</strong></span> <span class='ocrx_word' id='word_1_186' title='bbox 1467 1388 1554 1436; x_wconf 91' lang='lat' dir='ltr'><strong>per</strong></span> <span class='ocrx_word' id='word_1_187' title='bbox 1590 1375 1883 1423; x_wconf 88' lang='lat' dir='ltr'><strong>creationem</strong></span> <span class='ocrx_word' id='word_1_188' title='bbox 1921 1374 2095 1422; x_wconf 91' lang='lat' dir='ltr'><strong>mentis</strong></span> <span class='ocrx_word' id='word_1_189' title='bbox 2135 1372 2198 1421; x_wconf 91' lang='lat' dir='ltr'><strong>ad</strong></span> <span class='ocrx_word' id='word_1_190' title='bbox 2225 1374 2362 1421; x_wconf 87' lang='lat' dir='ltr'><strong>trini-</strong></span> 
     </span>
     <span class='ocr_line' id='line_1_18' title="bbox 113 1449 542 1512; baseline 0.002 -15"><span class='ocrx_word' id='word_1_191' title='bbox 113 1450 230 1497; x_wconf 84' lang='lat' dir='ltr'><strong>tatis</strong></span> <span class='ocrx_word' id='word_1_192' title='bbox 267 1449 542 1512; x_wconf 85' lang='lat' dir='ltr'><strong>imaginem.</strong></span> 
     </span>
    </p>
   </div>
   <div class='ocr_carea' id='block_1_5' title="bbox 659 1597 1807 1769">
    <p class='ocr_par' dir='ltr' id='par_1_5' title="bbox 659 1597 1807 1769">
     <span class='ocr_line' id='line_1_19' title="bbox 1073 1597 1407 1672; baseline 0 -16"><span class='ocrx_word' id='word_1_193' title='bbox 1073 1598 1262 1672; x_wconf 83' lang='lat' dir='ltr'><strong>Caput</strong></span> <span class='ocrx_word' id='word_1_194' title='bbox 1316 1597 1407 1656; x_wconf 86' lang='lat'><strong>11.</strong></span> 
     </span>
     <span class='ocr_line' id='line_1_20' title="bbox 659 1710 1807 1769; baseline 0 -11"><span class='ocrx_word' id='word_1_195' title='bbox 659 1712 742 1758; x_wconf 87' lang='lat' dir='ltr'><strong>De</strong></span> <span class='ocrx_word' id='word_1_196' title='bbox 779 1710 1235 1769; x_wconf 82' lang='lat' dir='ltr'><strong>Proprietatibus</strong></span> <span class='ocrx_word' id='word_1_197' title='bbox 1272 1712 1437 1758; x_wconf 81' lang='lat' dir='ltr'><strong>Entis</strong></span> <span class='ocrx_word' id='word_1_198' title='bbox 1474 1711 1535 1758; x_wconf 88' lang='lat' dir='ltr'><strong>in</strong></span> <span class='ocrx_word' id='word_1_199' title='bbox 1573 1712 1807 1760; x_wconf 73' lang='lat' dir='ltr'><strong>Gener-e.</strong></span> 
     </span>
    </p>
   </div>
   <div class='ocr_carea' id='block_1_6' title="bbox 116 1810 2367 2168">
    <p class='ocr_par' dir='ltr' id='par_1_6' title="bbox 116 1810 2359 1951">
     <span class='ocr_line' id='line_1_21' title="bbox 291 1810 2359 1876; baseline 0.001 -17"><span class='ocrx_word' id='word_1_200' title='bbox 291 1816 338 1861; x_wconf 87' lang='lat'><strong>1.</strong></span> <span class='ocrx_word' id='word_1_201' title='bbox 375 1810 525 1860; x_wconf 87' lang='lat' dir='ltr'><strong>Nulla</strong></span> <span class='ocrx_word' id='word_1_202' title='bbox 560 1811 861 1875; x_wconf 87' lang='lat' dir='ltr'><strong>magnitude,</strong></span> <span class='ocrx_word' id='word_1_203' title='bbox 902 1811 1064 1860; x_wconf 87' lang='lat' dir='ltr'><strong>nullus</strong></span> <span class='ocrx_word' id='word_1_204' title='bbox 1100 1827 1328 1862; x_wconf 90' lang='lat' dir='ltr'><strong>numerus</strong></span> <span class='ocrx_word' id='word_1_205' title='bbox 1366 1812 1464 1862; x_wconf 89' lang='lat' dir='ltr'><strong>alio</strong></span> <span class='ocrx_word' id='word_1_206' title='bbox 1507 1811 1584 1862; x_wconf 90' lang='lat' dir='ltr'><strong>vel</strong></span> <span class='ocrx_word' id='word_1_207' title='bbox 1620 1815 1777 1876; x_wconf 89' lang='lat' dir='ltr'><strong>magis</strong></span> <span class='ocrx_word' id='word_1_208' title='bbox 1818 1812 1895 1862; x_wconf 84' lang='lat' dir='ltr'><strong>vel</strong></span> <span class='ocrx_word' id='word_1_209' title='bbox 1935 1812 2092 1861; x_wconf 90' lang='lat' dir='ltr'><strong>minus</strong></span> <span class='ocrx_word' id='word_1_210' title='bbox 2132 1827 2359 1862; x_wconf 83' lang='lat' dir='ltr'><strong>numerus</strong></span> 
     </span>
     <span class='ocr_line' id='line_1_22' title="bbox 116 1883 1143 1951; baseline 0 -17"><span class='ocrx_word' id='word_1_211' title='bbox 116 1890 201 1938; x_wconf 85' lang='lat' dir='ltr'><strong>aut</strong></span> <span class='ocrx_word' id='word_1_212' title='bbox 236 1884 521 1946; x_wconf 87' lang='lat' dir='ltr'><strong>magnitudo</strong></span> <span class='ocrx_word' id='word_1_213' title='bbox 561 1891 650 1936; x_wconf 86' lang='lat' dir='ltr'><strong>est.</strong></span> <span class='ocrx_word' id='word_1_214' title='bbox 714 1885 792 1949; x_wconf 93' lang='lat' dir='ltr'><strong>(In</strong></span> <span class='ocrx_word' id='word_1_215' title='bbox 832 1883 1143 1951; x_wconf 62' lang='lat' dir='ltr'><strong>categoriis)</strong></span> 
     </span>
    </p>

    <p class='ocr_par' dir='ltr' id='par_1_7' title="bbox 290 1956 1861 2024">
     <span class='ocr_line' id='line_1_23' title="bbox 290 1956 1861 2024; baseline 0 -18"><span class='ocrx_word' id='word_1_216' title='bbox 290 1963 337 2006; x_wconf 82' lang='lat'><strong>2.</strong></span> <span class='ocrx_word' id='word_1_217' title='bbox 376 1956 525 2006; x_wconf 88' lang='lat' dir='ltr'><strong>Nulla</strong></span> <span class='ocrx_word' id='word_1_218' title='bbox 561 1960 609 2005; x_wconf 90' lang='lat' dir='ltr'><strong>in</strong></span> <span class='ocrx_word' id='word_1_219' title='bbox 650 1960 1006 2020; x_wconf 85' lang='lat' dir='ltr'><strong>quantitatibus</strong></span> <span class='ocrx_word' id='word_1_220' title='bbox 1045 1965 1118 2007; x_wconf 91' lang='lat' dir='ltr'><strong>est</strong></span> <span class='ocrx_word' id='word_1_221' title='bbox 1157 1959 1487 2007; x_wconf 88' lang='lat' dir='ltr'><strong>contrarietas.</strong></span> <span class='ocrx_word' id='word_1_222' title='bbox 1554 1958 1631 2023; x_wconf 92' lang='lat' dir='ltr'><strong>(In</strong></span> <span class='ocrx_word' id='word_1_223' title='bbox 1670 1956 1861 2024; x_wconf 83' lang='lat' dir='ltr'><strong>Categ.)</strong></span> 
     </span>
    </p>

    <p class='ocr_par' dir='ltr' id='par_1_8' title="bbox 116 2029 2367 2168">
     <span class='ocr_line' id='line_1_24' title="bbox 292 2029 2363 2095; baseline 0 -15"><span class='ocrx_word' id='word_1_224' title='bbox 292 2035 339 2080; x_wconf 90' lang='lat'><strong>3.</strong></span> <span class='ocrx_word' id='word_1_225' title='bbox 381 2029 745 2092; x_wconf 87' lang='lat' dir='ltr'><strong>Quantitatibus</strong></span> <span class='ocrx_word' id='word_1_226' title='bbox 784 2034 992 2080; x_wconf 85' lang='lat' dir='ltr'><strong>maxime</strong></span> <span class='ocrx_word' id='word_1_227' title='bbox 1017 2034 1264 2094; x_wconf 90' lang='lat' dir='ltr'><strong>proprium</strong></span> <span class='ocrx_word' id='word_1_228' title='bbox 1291 2038 1378 2091; x_wconf 90' lang='lat' dir='ltr'><strong>est,</strong></span> <span class='ocrx_word' id='word_1_229' title='bbox 1417 2032 1682 2080; x_wconf 85' lang='lat' dir='ltr'><strong>relationes</strong></span> <span class='ocrx_word' id='word_1_230' title='bbox 1710 2035 2017 2092; x_wconf 88' lang='lat' dir='ltr'><strong>constituere,</strong></span> <span class='ocrx_word' id='word_1_231' title='bbox 2058 2038 2107 2081; x_wconf 87' lang='lat' dir='ltr'><strong>et</strong></span> <span class='ocrx_word' id='word_1_232' title='bbox 2143 2031 2363 2095; x_wconf 79' lang='lat' dir='ltr'><strong>aequale,</strong></span> 
     </span>
     <span class='ocr_line' id='line_1_25' title="bbox 116 2103 2367 2168; baseline 0.001 -17"><span class='ocrx_word' id='word_1_233' title='bbox 116 2103 377 2165; x_wconf 87' lang='lat' dir='ltr'><strong>inaequale</strong></span> <span class='ocrx_word' id='word_1_234' title='bbox 415 2111 506 2152; x_wconf 85' lang='lat' dir='ltr'><strong>etc.</strong></span> <span class='ocrx_word' id='word_1_235' title='bbox 547 2104 656 2152; x_wconf 90' lang='lat' dir='ltr'><strong>dici.</strong></span> <span class='ocrx_word' id='word_1_236' title='bbox 733 2104 857 2152; x_wconf 92' lang='lat' dir='ltr'><strong>Nam</strong></span> <span class='ocrx_word' id='word_1_237' title='bbox 897 2104 1015 2153; x_wconf 88' lang='lat' dir='ltr'><strong>nihil</strong></span> <span class='ocrx_word' id='word_1_238' title='bbox 1055 2107 1311 2165; x_wconf 90' lang='lat' dir='ltr'><strong>invenitur,</strong></span> <span class='ocrx_word' id='word_1_239' title='bbox 1355 2105 1486 2167; x_wconf 91' lang='lat' dir='ltr'><strong>quod</strong></span> <span class='ocrx_word' id='word_1_240' title='bbox 1525 2105 1753 2168; x_wconf 87' lang='lat' dir='ltr'><strong>aequale,</strong></span> <span class='ocrx_word' id='word_1_241' title='bbox 1794 2105 2051 2168; x_wconf 85' lang='lat' dir='ltr'><strong>inaequale</strong></span> <span class='ocrx_word' id='word_1_242' title='bbox 2092 2105 2278 2154; x_wconf 87' lang='lat' dir='ltr'><strong>dicatur</strong></span> <span class='ocrx_word' id='word_1_243' title='bbox 2319 2111 2367 2153; x_wconf 83' lang='lat' dir='ltr'><strong>et</strong></span> 
     </span>
    </p>
   </div>
   <div class='ocr_carea' id='block_1_7' title="bbox 24 2177 2369 2608">
    <p class='ocr_par' dir='ltr' id='par_1_9' title="bbox 24 2177 2369 2608">
     <span class='ocr_line' id='line_1_26' title="bbox 24 2177 2366 2243; baseline 0.002 -20"><span class='ocrx_word' id='word_1_244' title='bbox 24 2178 27 2207; x_wconf 72' lang='lat'><strong>&#39;¹</strong></span> <span class='ocrx_word' id='word_1_245' title='bbox 115 2190 210 2224; x_wconf 89' lang='lat' dir='ltr'><strong>non</strong></span> <span class='ocrx_word' id='word_1_246' title='bbox 250 2179 313 2224; x_wconf 84' lang='lat' dir='ltr'><strong>sit</strong></span> <span class='ocrx_word' id='word_1_247' title='bbox 351 2179 593 2240; x_wconf 87' lang='lat' dir='ltr'><strong>particeps</strong></span> <span class='ocrx_word' id='word_1_248' title='bbox 632 2180 932 2239; x_wconf 85' lang='lat' dir='ltr'><strong>quantitatis.</strong></span> <span class='ocrx_word' id='word_1_249' title='bbox 985 2177 1060 2243; x_wconf 88' lang='lat' dir='ltr'><strong>(In</strong></span> <span class='ocrx_word' id='word_1_250' title='bbox 1101 2178 1294 2241; x_wconf 86' lang='lat' dir='ltr'><strong>Categ.)</strong></span> <span class='ocrx_word' id='word_1_251' title='bbox 1371 2179 1635 2241; x_wconf 89' lang='lat' dir='ltr'><strong>Inaequale</strong></span> <span class='ocrx_word' id='word_1_252' title='bbox 1662 2185 1838 2238; x_wconf 89' lang='lat' dir='ltr'><strong>autem,</strong></span> <span class='ocrx_word' id='word_1_253' title='bbox 1880 2181 1928 2226; x_wconf 89' lang='lat' dir='ltr'><strong>iu</strong></span> <span class='ocrx_word' id='word_1_254' title='bbox 1968 2181 2196 2227; x_wconf 87' lang='lat' dir='ltr'><strong>continua</strong></span> <span class='ocrx_word' id='word_1_255' title='bbox 2222 2193 2366 2241; x_wconf 84' lang='lat' dir='ltr'><strong>prae-</strong></span> 
     </span>
     <span class='ocr_line' id='line_1_27' title="bbox 27 2250 2366 2314; baseline 0.001 -16"><span class='ocrx_word' id='word_1_256' title='bbox 27 2276 29 2279; x_wconf 34' lang='lat' dir='ltr'>v</span> <span class='ocrx_word' id='word_1_257' title='bbox 118 2250 258 2311; x_wconf 88' lang='lat' dir='ltr'><strong>cipue</strong></span> <span class='ocrx_word' id='word_1_258' title='bbox 297 2252 585 2311; x_wconf 86' lang='lat' dir='ltr'><strong>quantitate,</strong></span> <span class='ocrx_word' id='word_1_259' title='bbox 626 2257 710 2298; x_wconf 86' lang='lat' dir='ltr'><strong>aut</strong></span> <span class='ocrx_word' id='word_1_260' title='bbox 749 2265 966 2313; x_wconf 90' lang='lat' dir='ltr'><strong>parvum,</strong></span> <span class='ocrx_word' id='word_1_261' title='bbox 1011 2257 1097 2299; x_wconf 91' lang='lat' dir='ltr'><strong>aut</strong></span> <span class='ocrx_word' id='word_1_262' title='bbox 1133 2266 1378 2314; x_wconf 88' lang='lat' dir='ltr'><strong>maguum,</strong></span> <span class='ocrx_word' id='word_1_263' title='bbox 1416 2252 1574 2314; x_wconf 86' lang='lat' dir='ltr'><strong>majus</strong></span> <span class='ocrx_word' id='word_1_264' title='bbox 1614 2251 1692 2301; x_wconf 89' lang='lat' dir='ltr'><strong>vel</strong></span> <span class='ocrx_word' id='word_1_265' title='bbox 1732 2254 1891 2300; x_wconf 88' lang='lat' dir='ltr'><strong>minus</strong></span> <span class='ocrx_word' id='word_1_266' title='bbox 1931 2250 2115 2301; x_wconf 88' lang='lat' dir='ltr'><strong>dicitur.</strong></span> <span class='ocrx_word' id='word_1_267' title='bbox 2192 2252 2254 2300; x_wconf 87' lang='lat' dir='ltr'><strong>Et</strong></span> <span class='ocrx_word' id='word_1_268' title='bbox 2292 2257 2366 2302; x_wconf 87' lang='lat' dir='ltr'><strong>est</strong></span> 
     </span>
     <span class='ocr_line' id='line_1_28' title="bbox 28 2322 2367 2388; baseline 0.001 -17"><span class='ocrx_word' id='word_1_269' title='bbox 28 2342 29 2347; x_wconf 48' lang='lat'>¹</span> <span class='ocrx_word' id='word_1_270' title='bbox 116 2322 337 2385; x_wconf 86' lang='lat' dir='ltr'><strong>aequale,</strong></span> <span class='ocrx_word' id='word_1_271' title='bbox 377 2323 509 2384; x_wconf 90' lang='lat' dir='ltr'><strong>quod</strong></span> <span class='ocrx_word' id='word_1_272' title='bbox 546 2338 705 2386; x_wconf 90' lang='lat' dir='ltr'><strong>neque</strong></span> <span class='ocrx_word' id='word_1_273' title='bbox 743 2339 973 2386; x_wconf 88' lang='lat' dir='ltr'><strong>magnum</strong></span> <span class='ocrx_word' id='word_1_274' title='bbox 1014 2331 1087 2373; x_wconf 91' lang='lat' dir='ltr'><strong>est</strong></span> <span class='ocrx_word' id='word_1_275' title='bbox 1113 2339 1270 2387; x_wconf 89' lang='lat' dir='ltr'><strong>neque</strong></span> <span class='ocrx_word' id='word_1_276' title='bbox 1298 2340 1517 2388; x_wconf 88' lang='lat' dir='ltr'><strong>parvum,</strong></span> <span class='ocrx_word' id='word_1_277' title='bbox 1558 2324 1643 2374; x_wconf 90' lang='lat' dir='ltr'><strong>sed</strong></span> <span class='ocrx_word' id='word_1_278' title='bbox 1671 2331 1837 2388; x_wconf 87' lang='lat' dir='ltr'><strong>aptum</strong></span> <span class='ocrx_word' id='word_1_279' title='bbox 1863 2331 2048 2387; x_wconf 83' lang='lat' dir='ltr'><strong>tamen,</strong></span> <span class='ocrx_word' id='word_1_280' title='bbox 2088 2330 2144 2374; x_wconf 92' lang='lat' dir='ltr'><strong>ut</strong></span> <span class='ocrx_word' id='word_1_281' title='bbox 2180 2326 2244 2374; x_wconf 89' lang='lat' dir='ltr'><strong>sit</strong></span> <span class='ocrx_word' id='word_1_282' title='bbox 2281 2330 2367 2373; x_wconf 88' lang='lat' dir='ltr'><strong>aut</strong></span> 
     </span>
     <span class='ocr_line' id='line_1_29' title="bbox 29 2395 2369 2462; baseline 0.001 -19"><span class='ocrx_word' id='word_1_283' title='bbox 29 2431 33 2459; x_wconf 50' lang='lat' dir='ltr'>i</span> <span class='ocrx_word' id='word_1_284' title='bbox 118 2409 347 2457; x_wconf 87' lang='lat' dir='ltr'><strong>magnum</strong></span> <span class='ocrx_word' id='word_1_285' title='bbox 385 2402 471 2444; x_wconf 88' lang='lat' dir='ltr'><strong>aut</strong></span> <span class='ocrx_word' id='word_1_286' title='bbox 507 2412 712 2459; x_wconf 88' lang='lat' dir='ltr'><strong>parvum</strong></span> <span class='ocrx_word' id='word_1_287' title='bbox 752 2397 845 2458; x_wconf 93' lang='lat' dir='ltr'><strong>(X.</strong></span> <span class='ocrx_word' id='word_1_288' title='bbox 885 2397 1003 2446; x_wconf 88' lang='lat' dir='ltr'><strong>Met.</strong></span> <span class='ocrx_word' id='word_1_289' title='bbox 1048 2395 1128 2462; x_wconf 82' lang='lat'><strong>5.).</strong></span> <span class='ocrx_word' id='word_1_290' title='bbox 1208 2398 1288 2446; x_wconf 87' lang='lat' dir='ltr'><strong>Sic</strong></span> <span class='ocrx_word' id='word_1_291' title='bbox 1327 2401 1372 2446; x_wconf 91' lang='lat' dir='ltr'><strong>in</strong></span> <span class='ocrx_word' id='word_1_292' title='bbox 1411 2398 1620 2448; x_wconf 89' lang='lat' dir='ltr'><strong>discreta</strong></span> <span class='ocrx_word' id='word_1_293' title='bbox 1670 2401 1940 2461; x_wconf 91' lang='lat' dir='ltr'><strong>quantitate</strong></span> <span class='ocrx_word' id='word_1_294' title='bbox 1988 2398 2245 2461; x_wconf 86' lang='lat' dir='ltr'><strong>inaequale</strong></span> <span class='ocrx_word' id='word_1_295' title='bbox 2284 2403 2369 2447; x_wconf 91' lang='lat' dir='ltr'><strong>aut</strong></span> 
     </span>
     <span class='ocr_line' id='line_1_30' title="bbox 31 2469 2366 2540; baseline 0.001 -24"><span class='ocrx_word' id='word_1_296' title='bbox 31 2503 33 2534; x_wconf 56' lang='lat'>3</span> <span class='ocrx_word' id='word_1_297' title='bbox 122 2469 328 2540; x_wconf 78' lang='lat' dir='ltr'><strong>multum</strong></span> <span class='ocrx_word' id='word_1_298' title='bbox 366 2476 451 2518; x_wconf 89' lang='lat' dir='ltr'><strong>aut</strong></span> <span class='ocrx_word' id='word_1_299' title='bbox 488 2485 713 2532; x_wconf 91' lang='lat' dir='ltr'><strong>paucum,</strong></span> <span class='ocrx_word' id='word_1_300' title='bbox 755 2470 864 2532; x_wconf 89' lang='lat' dir='ltr'><strong>plus</strong></span> <span class='ocrx_word' id='word_1_301' title='bbox 903 2478 989 2519; x_wconf 87' lang='lat' dir='ltr'><strong>aut</strong></span> <span class='ocrx_word' id='word_1_302' title='bbox 1027 2474 1186 2519; x_wconf 89' lang='lat' dir='ltr'><strong>minus</strong></span> <span class='ocrx_word' id='word_1_303' title='bbox 1226 2471 1412 2520; x_wconf 88' lang='lat' dir='ltr'><strong>dicitur.</strong></span> <span class='ocrx_word' id='word_1_304' title='bbox 1491 2471 1628 2534; x_wconf 86' lang='lat' dir='ltr'><strong>Quae</strong></span> <span class='ocrx_word' id='word_1_305' title='bbox 1669 2472 1912 2521; x_wconf 87' lang='lat' dir='ltr'><strong>vocabula</strong></span> <span class='ocrx_word' id='word_1_306' title='bbox 1949 2471 2201 2520; x_wconf 87' lang='lat' dir='ltr'><strong>indefinita</strong></span> <span class='ocrx_word' id='word_1_307' title='bbox 2238 2470 2366 2535; x_wconf 90' lang='lat' dir='ltr'><strong>plus,</strong></span> 
     </span>
     <span class='ocr_line' id='line_1_31' title="bbox 32 2539 2367 2608; baseline 0.002 -20"><span class='ocrx_word' id='word_1_308' title='bbox 32 2539 35 2592; x_wconf 66' lang='grc' dir='ltr'>ζ</span> <span class='ocrx_word' id='word_1_309' title='bbox 117 2543 291 2601; x_wconf 86' lang='lat' dir='ltr'><strong>minus,</strong></span> <span class='ocrx_word' id='word_1_310' title='bbox 342 2542 515 2605; x_wconf 77' lang='lat' dir='ltr'><strong>majuS,</strong></span> <span class='ocrx_word' id='word_1_311' title='bbox 554 2545 711 2591; x_wconf 86' lang='lat' dir='ltr'><strong>minus</strong></span> <span class='ocrx_word' id='word_1_312' title='bbox 751 2546 956 2606; x_wconf 87' lang='lat' dir='ltr'><strong>gignunt</strong></span> <span class='ocrx_word' id='word_1_313' title='bbox 989 2544 1092 2605; x_wconf 88' lang='lat' dir='ltr'><strong>jam</strong></span> <span class='ocrx_word' id='word_1_314' title='bbox 1133 2544 1353 2593; x_wconf 89' lang='lat' dir='ltr'><strong>definitas</strong></span> <span class='ocrx_word' id='word_1_315' title='bbox 1393 2544 1513 2605; x_wconf 87' lang='lat' dir='ltr'><strong>alias</strong></span> <span class='ocrx_word' id='word_1_316' title='bbox 1553 2545 1840 2602; x_wconf 79' lang='lat' dir='ltr'><strong>relationeS,</strong></span> <span class='ocrx_word' id='word_1_317' title='bbox 1896 2552 1949 2594; x_wconf 91' lang='lat' dir='ltr'><strong>ut</strong></span> <span class='ocrx_word' id='word_1_318' title='bbox 1987 2544 2203 2608; x_wconf 90' lang='lat' dir='ltr'><strong>duplum,</strong></span> <span class='ocrx_word' id='word_1_319' title='bbox 2244 2547 2367 2608; x_wconf 86' lang='lat' dir='ltr'><strong>trip·-</strong></span> 
     </span>
    </p>
   </div>
   <div class='ocr_carea' id='block_1_8' title="bbox 35 2612 2367 2693">
    <p class='ocr_par' dir='ltr' id='par_1_10' title="bbox 35 2612 2367 2693">
     <span class='ocr_line' id='line_1_32' title="bbox 35 2612 2367 2693; baseline 0.003 -32"><span class='ocrx_word' id='word_1_320' title='bbox 35 2679 37 2693; x_wconf 15' lang='grc' dir='ltr'>γ</span> <span class='ocrx_word' id='word_1_321' title='bbox 118 2612 219 2662; x_wconf 90' lang='lat' dir='ltr'><strong>lum</strong></span> <span class='ocrx_word' id='word_1_322' title='bbox 257 2621 347 2663; x_wconf 89' lang='lat' dir='ltr'><strong>etc.</strong></span> <span class='ocrx_word' id='word_1_323' title='bbox 423 2615 571 2664; x_wconf 89' lang='lat' dir='ltr'><strong>Hisce</strong></span> <span class='ocrx_word' id='word_1_324' title='bbox 610 2616 924 2665; x_wconf 83' lang='lat' dir='ltr'><strong>relationibus</strong></span> <span class='ocrx_word' id='word_1_325' title='bbox 966 2625 1201 2679; x_wconf 84' lang='lat' dir='ltr'><strong>cognatae</strong></span> <span class='ocrx_word' id='word_1_326' title='bbox 1243 2617 1355 2667; x_wconf 85' lang='lat' dir='ltr'><strong>illac</strong></span> <span class='ocrx_word' id='word_1_327' title='bbox 1394 2626 1520 2678; x_wconf 90' lang='lat' dir='ltr'><strong>sunt,</strong></span> <span class='ocrx_word' id='word_1_328' title='bbox 1562 2633 1687 2681; x_wconf 88' lang='lat' dir='ltr'><strong>quae</strong></span> <span class='ocrx_word' id='word_1_329' title='bbox 1727 2620 1945 2668; x_wconf 91' lang='lat' dir='ltr'><strong>oriuntur</strong></span> <span class='ocrx_word' id='word_1_330' title='bbox 1983 2634 2042 2668; x_wconf 87' lang='lat' dir='ltr'><strong>ex</strong></span> <span class='ocrx_word' id='word_1_331' title='bbox 2080 2620 2367 2681; x_wconf 88' lang='lat' dir='ltr'><strong>quantitati-</strong></span> 
     </span>
    </p>
   </div>
   <div class='ocr_carea' id='block_1_9' title="bbox 36 2686 2369 2755">
    <p class='ocr_par' dir='ltr' id='par_1_11' title="bbox 36 2686 2369 2755">
     <span class='ocr_line' id='line_1_33' title="bbox 36 2686 2369 2755; baseline 0.002 -20"><span class='ocrx_word' id='word_1_332' title='bbox 36 2702 37 2709; x_wconf 55' lang='lat'><em>*</em></span> <span class='ocrx_word' id='word_1_333' title='bbox 118 2686 234 2746; x_wconf 89' lang='lat' dir='ltr'><strong>bus,</strong></span> <span class='ocrx_word' id='word_1_334' title='bbox 291 2693 530 2749; x_wconf 89' lang='lat' dir='ltr'><strong>quatenus</strong></span> <span class='ocrx_word' id='word_1_335' title='bbox 582 2689 692 2739; x_wconf 89' lang='lat' dir='ltr'><strong>illae</strong></span> <span class='ocrx_word' id='word_1_336' title='bbox 744 2692 875 2752; x_wconf 88' lang='lat' dir='ltr'><strong>prius</strong></span> <span class='ocrx_word' id='word_1_337' title='bbox 916 2693 961 2737; x_wconf 93' lang='lat' dir='ltr'><strong>in</strong></span> <span class='ocrx_word' id='word_1_338' title='bbox 1002 2691 1378 2752; x_wconf 86' lang='lat' dir='ltr'><strong>praedicamenti</strong></span> <span class='ocrx_word' id='word_1_339' title='bbox 1433 2691 1681 2753; x_wconf 87' lang='lat' dir='ltr'><strong>qualitatis</strong></span> <span class='ocrx_word' id='word_1_340' title='bbox 1732 2699 1933 2755; x_wconf 89' lang='lat' dir='ltr'><strong>quartae</strong></span> <span class='ocrx_word' id='word_1_341' title='bbox 1972 2694 2132 2755; x_wconf 88' lang='lat' dir='ltr'><strong>specie</strong></span> <span class='ocrx_word' id='word_1_342' title='bbox 2171 2697 2369 2741; x_wconf 89' lang='lat' dir='ltr'><strong>suntet</strong></span> 
     </span>
    </p>
   </div>
   <div class='ocr_carea' id='block_1_10' title="bbox 0 1294 74 4088">
    <p class='ocr_par' dir='ltr' id='par_1_12' title="bbox 0 1294 74 4088">
     <span class='ocr_line' id='line_1_34' title="bbox 0 1294 74 4088; baseline 0 0"><span class='ocrx_word' id='word_1_343' title='bbox 0 1294 74 4088; x_wconf 95' lang='lat' dir='ltr'><strong> </strong></span> 
     </span>
    </p>
   </div>
   <div class='ocr_carea' id='block_1_11' title="bbox 117 2761 2369 3924">
    <p class='ocr_par' dir='ltr' id='par_1_13' title="bbox 117 2761 2369 3556">
     <span class='ocr_line' id='line_1_35' title="bbox 118 2761 2369 2828; baseline 0.002 -21"><span class='ocrx_word' id='word_1_344' title='bbox 118 2762 275 2822; x_wconf 88' lang='lat' dir='ltr'><strong>magis</strong></span> <span class='ocrx_word' id='word_1_345' title='bbox 328 2761 449 2809; x_wconf 91' lang='lat' dir='ltr'><strong>fiunt</strong></span> <span class='ocrx_word' id='word_1_346' title='bbox 501 2762 790 2811; x_wconf 83' lang='lat' dir='ltr'><strong>materiales.</strong></span> <span class='ocrx_word' id='word_1_347' title='bbox 867 2763 948 2811; x_wconf 86' lang='lat' dir='ltr'><strong>Sic</strong></span> <span class='ocrx_word' id='word_1_348' title='bbox 987 2765 1111 2811; x_wconf 91' lang='lat' dir='ltr'><strong>enim</strong></span> <span class='ocrx_word' id='word_1_349' title='bbox 1161 2770 1246 2812; x_wconf 90' lang='lat' dir='ltr'><strong>aut</strong></span> <span class='ocrx_word' id='word_1_350' title='bbox 1295 2764 1510 2826; x_wconf 87' lang='lat' dir='ltr'><strong>perfecta</strong></span> <span class='ocrx_word' id='word_1_351' title='bbox 1560 2767 1806 2828; x_wconf 87' lang='lat' dir='ltr'><strong>quantitas</strong></span> <span class='ocrx_word' id='word_1_352' title='bbox 1846 2765 2019 2814; x_wconf 91' lang='lat' dir='ltr'><strong>dicitur</strong></span> <span class='ocrx_word' id='word_1_353' title='bbox 2066 2771 2152 2814; x_wconf 89' lang='lat' dir='ltr'><strong>aut</strong></span> <span class='ocrx_word' id='word_1_354' title='bbox 2190 2767 2369 2827; x_wconf 87' lang='lat' dir='ltr'><strong>imper·-</strong></span> 
     </span>
     <span class='ocr_line' id='line_1_36' title="bbox 118 2832 2368 2901; baseline 0.001 -20"><span class='ocrx_word' id='word_1_355' title='bbox 118 2832 245 2882; x_wconf 79' lang='lat' dir='ltr'><strong>secta</strong></span> <span class='ocrx_word' id='word_1_356' title='bbox 281 2840 501 2896; x_wconf 88' lang='lat' dir='ltr'><strong>respectu</strong></span> <span class='ocrx_word' id='word_1_357' title='bbox 540 2838 747 2896; x_wconf 91' lang='lat' dir='ltr'><strong>partium</strong></span> <span class='ocrx_word' id='word_1_358' title='bbox 786 2836 1004 2898; x_wconf 88' lang='lat' dir='ltr'><strong>ejusdem</strong></span> <span class='ocrx_word' id='word_1_359' title='bbox 1042 2839 1217 2898; x_wconf 81' lang='lat' dir='ltr'><strong>totius3</strong></span> <span class='ocrx_word' id='word_1_360' title='bbox 1267 2843 1320 2886; x_wconf 92' lang='lat' dir='ltr'><strong>at</strong></span> <span class='ocrx_word' id='word_1_361' title='bbox 1363 2844 1583 2900; x_wconf 87' lang='lat' dir='ltr'><strong>respectu</strong></span> <span class='ocrx_word' id='word_1_362' title='bbox 1622 2838 1832 2901; x_wconf 88' lang='lat' dir='ltr'><strong>plurium</strong></span> <span class='ocrx_word' id='word_1_363' title='bbox 1883 2844 2091 2887; x_wconf 88' lang='lat' dir='ltr'><strong>totarum</strong></span> <span class='ocrx_word' id='word_1_364' title='bbox 2144 2838 2368 2886; x_wconf 92' lang='lat' dir='ltr'><strong>dicuntur</strong></span> 
     </span>
     <span class='ocr_line' id='line_1_37' title="bbox 119 2905 2366 2973; baseline 0.003 -20"><span class='ocrx_word' id='word_1_365' title='bbox 119 2905 301 2954; x_wconf 82' lang='lat' dir='ltr'><strong>similes</strong></span> <span class='ocrx_word' id='word_1_366' title='bbox 351 2914 435 2955; x_wconf 90' lang='lat' dir='ltr'><strong>aut</strong></span> <span class='ocrx_word' id='word_1_367' title='bbox 483 2906 753 2957; x_wconf 83' lang='lat' dir='ltr'><strong>dissimiles.</strong></span> <span class='ocrx_word' id='word_1_368' title='bbox 833 2909 1022 2969; x_wconf 84' lang='lat' dir='ltr'><strong>Tertio,</strong></span> <span class='ocrx_word' id='word_1_369' title='bbox 1076 2917 1130 2959; x_wconf 92' lang='lat' dir='ltr'><strong>ut</strong></span> <span class='ocrx_word' id='word_1_370' title='bbox 1175 2925 1323 2973; x_wconf 86' lang='lat' dir='ltr'><strong>supra</strong></span> <span class='ocrx_word' id='word_1_371' title='bbox 1371 2910 1551 2959; x_wconf 92' lang='lat' dir='ltr'><strong>dictum</strong></span> <span class='ocrx_word' id='word_1_372' title='bbox 1604 2920 1699 2972; x_wconf 87' lang='lat' dir='ltr'><strong>est,</strong></span> <span class='ocrx_word' id='word_1_373' title='bbox 1752 2927 1810 2961; x_wconf 88' lang='lat' dir='ltr'><strong>ex</strong></span> <span class='ocrx_word' id='word_1_374' title='bbox 1857 2918 2032 2961; x_wconf 87' lang='lat' dir='ltr'><strong>natura</strong></span> <span class='ocrx_word' id='word_1_375' title='bbox 2077 2913 2280 2960; x_wconf 90' lang='lat' dir='ltr'><strong>unitatis</strong></span> <span class='ocrx_word' id='word_1_376' title='bbox 2318 2916 2366 2960; x_wconf 83' lang='lat' dir='ltr'><strong>et</strong></span> 
     </span>
     <span class='ocr_line' id='line_1_38' title="bbox 117 2978 2366 3047; baseline 0.002 -20"><span class='ocrx_word' id='word_1_377' title='bbox 117 2978 438 3028; x_wconf 86' lang='lat' dir='ltr'><strong>multitudinis</strong></span> <span class='ocrx_word' id='word_1_378' title='bbox 478 2983 655 3041; x_wconf 83' lang='lat' dir='ltr'><strong>evenit,</strong></span> <span class='ocrx_word' id='word_1_379' title='bbox 698 2988 749 3029; x_wconf 85' lang='lat' dir='ltr'><strong>ut</strong></span> <span class='ocrx_word' id='word_1_380' title='bbox 786 2981 972 3044; x_wconf 91' lang='lat' dir='ltr'><strong>aliquid</strong></span> <span class='ocrx_word' id='word_1_381' title='bbox 1010 2990 1096 3032; x_wconf 90' lang='lat' dir='ltr'><strong>aut</strong></span> <span class='ocrx_word' id='word_1_382' title='bbox 1135 2983 1261 3032; x_wconf 91' lang='lat' dir='ltr'><strong>idem</strong></span> <span class='ocrx_word' id='word_1_383' title='bbox 1300 2988 1384 3032; x_wconf 89' lang='lat' dir='ltr'><strong>aut</strong></span> <span class='ocrx_word' id='word_1_384' title='bbox 1424 2984 1667 3033; x_wconf 91' lang='lat' dir='ltr'><strong>diversum</strong></span> <span class='ocrx_word' id='word_1_385' title='bbox 1707 2985 1918 3046; x_wconf 90' lang='lat' dir='ltr'><strong>dicatur,</strong></span> <span class='ocrx_word' id='word_1_386' title='bbox 1961 2990 2008 3034; x_wconf 91' lang='lat' dir='ltr'><strong>et</strong></span> <span class='ocrx_word' id='word_1_387' title='bbox 2048 2985 2163 3047; x_wconf 90' lang='lat' dir='ltr'><strong>quia</strong></span> <span class='ocrx_word' id='word_1_388' title='bbox 2202 2983 2366 3032; x_wconf 84' lang='lat' dir='ltr'><strong>diver-</strong></span> 
     </span>
     <span class='ocr_line' id='line_1_39' title="bbox 119 3051 2366 3121; baseline 0.001 -21"><span class='ocrx_word' id='word_1_389' title='bbox 119 3064 242 3113; x_wconf 80' lang='lat' dir='ltr'><strong>sum,</strong></span> <span class='ocrx_word' id='word_1_390' title='bbox 282 3051 391 3101; x_wconf 88' lang='lat' dir='ltr'><strong>ideo</strong></span> <span class='ocrx_word' id='word_1_391' title='bbox 431 3059 479 3101; x_wconf 89' lang='lat' dir='ltr'><strong>et</strong></span> <span class='ocrx_word' id='word_1_392' title='bbox 517 3054 752 3115; x_wconf 86' lang='lat' dir='ltr'><strong>differens,</strong></span> <span class='ocrx_word' id='word_1_393' title='bbox 794 3062 841 3103; x_wconf 90' lang='lat' dir='ltr'><strong>et</strong></span> <span class='ocrx_word' id='word_1_394' title='bbox 879 3058 996 3117; x_wconf 91' lang='lat' dir='ltr'><strong>quia</strong></span> <span class='ocrx_word' id='word_1_395' title='bbox 1035 3056 1273 3118; x_wconf 86' lang='lat' dir='ltr'><strong>differens,</strong></span> <span class='ocrx_word' id='word_1_396' title='bbox 1314 3057 1424 3105; x_wconf 89' lang='lat' dir='ltr'><strong>ideo</strong></span> <span class='ocrx_word' id='word_1_397' title='bbox 1465 3063 1513 3107; x_wconf 92' lang='lat' dir='ltr'><strong>et</strong></span> <span class='ocrx_word' id='word_1_398' title='bbox 1551 3060 1841 3107; x_wconf 89' lang='lat' dir='ltr'><strong>contrarium</strong></span> <span class='ocrx_word' id='word_1_399' title='bbox 1882 3065 1929 3107; x_wconf 93' lang='lat' dir='ltr'><strong>et</strong></span> <span class='ocrx_word' id='word_1_400' title='bbox 1955 3059 2256 3121; x_wconf 81' lang='lat' dir='ltr'><strong>oppositum3</strong></span> <span class='ocrx_word' id='word_1_401' title='bbox 2298 3058 2366 3104; x_wconf 85' lang='lat' dir='ltr'><strong>sic</strong></span> 
     </span>
     <span class='ocr_line' id='line_1_40' title="bbox 121 3126 2365 3194; baseline 0.002 -22"><span class='ocrx_word' id='word_1_402' title='bbox 121 3126 266 3173; x_wconf 84' lang='lat' dir='ltr'><strong>etiarn</strong></span> <span class='ocrx_word' id='word_1_403' title='bbox 309 3140 363 3174; x_wconf 86' lang='lat' dir='ltr'><strong>ex</strong></span> <span class='ocrx_word' id='word_1_404' title='bbox 401 3128 589 3177; x_wconf 87' lang='lat' dir='ltr'><strong>ratione</strong></span> <span class='ocrx_word' id='word_1_405' title='bbox 628 3129 827 3178; x_wconf 85' lang='lat' dir='ltr'><strong>unitatis</strong></span> <span class='ocrx_word' id='word_1_406' title='bbox 867 3130 1031 3178; x_wconf 86' lang='lat' dir='ltr'><strong>existit</strong></span> <span class='ocrx_word' id='word_1_407' title='bbox 1069 3145 1295 3179; x_wconf 86' lang='lat' dir='ltr'><strong>mensura</strong></span> <span class='ocrx_word' id='word_1_408' title='bbox 1333 3136 1381 3179; x_wconf 90' lang='lat' dir='ltr'><strong>et</strong></span> <span class='ocrx_word' id='word_1_409' title='bbox 1406 3138 1746 3191; x_wconf 90' lang='lat' dir='ltr'><strong>mensuratum,</strong></span> <span class='ocrx_word' id='word_1_410' title='bbox 1789 3134 1903 3194; x_wconf 88' lang='lat' dir='ltr'><strong>quia</strong></span> <span class='ocrx_word' id='word_1_411' title='bbox 1941 3133 2102 3178; x_wconf 89' lang='lat' dir='ltr'><strong>unitas</strong></span> <span class='ocrx_word' id='word_1_412' title='bbox 2141 3144 2365 3178; x_wconf 86' lang='lat' dir='ltr'><strong>mensura</strong></span> 
     </span>
     <span class='ocr_line' id='line_1_41' title="bbox 122 3197 2367 3267; baseline 0.002 -22"><span class='ocrx_word' id='word_1_413' title='bbox 122 3205 195 3246; x_wconf 85' lang='lat' dir='ltr'><strong>est</strong></span> <span class='ocrx_word' id='word_1_414' title='bbox 222 3197 309 3261; x_wconf 92' lang='lat' dir='ltr'><strong>(X.</strong></span> <span class='ocrx_word' id='word_1_415' title='bbox 337 3198 454 3246; x_wconf 85' lang='lat' dir='ltr'><strong>Met.</strong></span> <span class='ocrx_word' id='word_1_416' title='bbox 489 3198 571 3259; x_wconf 84' lang='lat'><strong>1.).</strong></span> <span class='ocrx_word' id='word_1_417' title='bbox 634 3200 799 3249; x_wconf 90' lang='lat' dir='ltr'><strong>Habet</strong></span> <span class='ocrx_word' id='word_1_418' title='bbox 836 3208 1016 3251; x_wconf 91' lang='lat' dir='ltr'><strong>etcum</strong></span> <span class='ocrx_word' id='word_1_419' title='bbox 1056 3203 1309 3252; x_wconf 90' lang='lat' dir='ltr'><strong>identitate</strong></span> <span class='ocrx_word' id='word_1_420' title='bbox 1348 3204 1615 3251; x_wconf 87' lang='lat' dir='ltr'><strong>similitudo</strong></span> <span class='ocrx_word' id='word_1_421' title='bbox 1658 3208 2007 3267; x_wconf 84' lang='lat' dir='ltr'><strong>cognationem,</strong></span> <span class='ocrx_word' id='word_1_422' title='bbox 2051 3218 2175 3264; x_wconf 88' lang='lat' dir='ltr'><strong>quae</strong></span> <span class='ocrx_word' id='word_1_423' title='bbox 2203 3205 2367 3250; x_wconf 87' lang='lat' dir='ltr'><strong>omnia</strong></span> 
     </span>
     <span class='ocr_line' id='line_1_42' title="bbox 126 3269 2365 3338; baseline 0.002 -20"><span class='ocrx_word' id='word_1_424' title='bbox 126 3269 254 3319; x_wconf 87' lang='lat' dir='ltr'><strong>clare</strong></span> <span class='ocrx_word' id='word_1_425' title='bbox 293 3286 351 3319; x_wconf 87' lang='lat' dir='ltr'><strong>ex</strong></span> <span class='ocrx_word' id='word_1_426' title='bbox 390 3271 478 3321; x_wconf 91' lang='lat' dir='ltr'><strong>1V.</strong></span> <span class='ocrx_word' id='word_1_427' title='bbox 505 3272 622 3322; x_wconf 84' lang='lat' dir='ltr'><strong>Met.</strong></span> <span class='ocrx_word' id='word_1_428' title='bbox 651 3279 715 3334; x_wconf 91' lang='grc'><strong>2.,</strong></span> <span class='ocrx_word' id='word_1_429' title='bbox 756 3274 816 3323; x_wconf 92' lang='lat' dir='ltr'><strong>V.</strong></span> <span class='ocrx_word' id='word_1_430' title='bbox 843 3274 962 3325; x_wconf 84' lang='lat' dir='ltr'><strong>Met.</strong></span> <span class='ocrx_word' id='word_1_431' title='bbox 994 3281 1057 3338; x_wconf 89' lang='lat'><strong>9.,</strong></span> <span class='ocrx_word' id='word_1_432' title='bbox 1099 3277 1212 3324; x_wconf 87' lang='lat' dir='ltr'><strong>VII.</strong></span> <span class='ocrx_word' id='word_1_433' title='bbox 1242 3276 1358 3327; x_wconf 87' lang='lat' dir='ltr'><strong>Met.</strong></span> <span class='ocrx_word' id='word_1_434' title='bbox 1388 3282 1433 3324; x_wconf 88' lang='lat'><strong>3.</strong></span> <span class='ocrx_word' id='word_1_435' title='bbox 1476 3277 1877 3335; x_wconf 87' lang='lat' dir='ltr'><strong>demonstrantur,</strong></span> <span class='ocrx_word' id='word_1_436' title='bbox 1921 3277 2003 3324; x_wconf 89' lang='lat' dir='ltr'><strong>ubi</strong></span> <span class='ocrx_word' id='word_1_437' title='bbox 2034 3278 2178 3324; x_wconf 85' lang='lat' dir='ltr'><strong>etiam</strong></span> <span class='ocrx_word' id='word_1_438' title='bbox 2219 3281 2365 3337; x_wconf 85' lang='lat' dir='ltr'><strong>negat</strong></span> 
     </span>
     <span class='ocr_line' id='line_1_43' title="bbox 127 3342 2366 3412; baseline 0.003 -22"><span class='ocrx_word' id='word_1_439' title='bbox 127 3342 461 3406; x_wconf 85' lang='lat' dir='ltr'><strong>philosophus,</strong></span> <span class='ocrx_word' id='word_1_440' title='bbox 500 3353 776 3408; x_wconf 87' lang='lat' dir='ltr'><strong>geometrae</strong></span> <span class='ocrx_word' id='word_1_441' title='bbox 815 3362 921 3397; x_wconf 81' lang='lat' dir='ltr'><strong>esse</strong></span> <span class='ocrx_word' id='word_1_442' title='bbox 962 3348 1019 3398; x_wconf 88' lang='lat' dir='ltr'><strong>de</strong></span> <span class='ocrx_word' id='word_1_443' title='bbox 1059 3351 1132 3399; x_wconf 75' lang='lat' dir='ltr'><strong>liis</strong></span> <span class='ocrx_word' id='word_1_444' title='bbox 1172 3350 1417 3412; x_wconf 76' lang='lat' dir='ltr'><strong>disputare</strong></span> <span class='ocrx_word' id='word_1_445' title='bbox 1457 3351 1676 3407; x_wconf 73' lang='lat' dir='ltr'><strong>vocibnS,</strong></span> <span class='ocrx_word' id='word_1_446' title='bbox 1717 3353 1810 3397; x_wconf 83' lang='lat' dir='ltr'><strong>nisi</strong></span> <span class='ocrx_word' id='word_1_447' title='bbox 1852 3365 1908 3397; x_wconf 90' lang='lat' dir='ltr'><strong>ex</strong></span> <span class='ocrx_word' id='word_1_448' title='bbox 1949 3351 2220 3411; x_wconf 87' lang='lat' dir='ltr'><strong>supposito.</strong></span> <span class='ocrx_word' id='word_1_449' title='bbox 2261 3348 2366 3396; x_wconf 88' lang='lat' dir='ltr'><strong>Ita-</strong></span> 
     </span>
     <span class='ocr_line' id='line_1_44' title="bbox 124 3416 2367 3483; baseline 0.003 -20"><span class='ocrx_word' id='word_1_450' title='bbox 124 3429 216 3477; x_wconf 88' lang='lat' dir='ltr'><strong>que</strong></span> <span class='ocrx_word' id='word_1_451' title='bbox 255 3416 465 3465; x_wconf 83' lang='lat' dir='ltr'><strong>sufficiat</strong></span> <span class='ocrx_word' id='word_1_452' title='bbox 501 3417 595 3467; x_wconf 90' lang='lat' dir='ltr'><strong>bic·</strong></span> <span class='ocrx_word' id='word_1_453' title='bbox 619 3434 781 3469; x_wconf 87' lang='lat' dir='ltr'><strong>eorum</strong></span> <span class='ocrx_word' id='word_1_454' title='bbox 835 3425 1109 3471; x_wconf 86' lang='lat' dir='ltr'><strong>meminisse</strong></span> <span class='ocrx_word' id='word_1_455' title='bbox 1149 3429 1197 3470; x_wconf 89' lang='lat' dir='ltr'><strong>et</strong></span> <span class='ocrx_word' id='word_1_456' title='bbox 1236 3424 1466 3482; x_wconf 81' lang='lat' dir='ltr'><strong>originem</strong></span> <span class='ocrx_word' id='word_1_457' title='bbox 1507 3430 1815 3470; x_wconf 88' lang='lat' dir='ltr'><strong>monstrasse.</strong></span> <span class='ocrx_word' id='word_1_458' title='bbox 1895 3422 2153 3483; x_wconf 86' lang='lat' dir='ltr'><strong>Copiosius</strong></span> <span class='ocrx_word' id='word_1_459' title='bbox 2202 3427 2367 3470; x_wconf 89' lang='lat' dir='ltr'><strong>autem</strong></span> 
     </span>
     <span class='ocr_line' id='line_1_45' title="bbox 126 3486 1476 3556; baseline 0.003 -21"><span class='ocrx_word' id='word_1_460' title='bbox 126 3486 185 3538; x_wconf 81' lang='lat' dir='ltr'><strong>de</strong></span> <span class='ocrx_word' id='word_1_461' title='bbox 224 3487 427 3547; x_wconf 69' lang='lat' dir='ltr'><strong>singulis</strong></span> <span class='ocrx_word' id='word_1_462' title='bbox 467 3493 624 3553; x_wconf 81' lang='lat' dir='ltr'><strong>agitur</strong></span> <span class='ocrx_word' id='word_1_463' title='bbox 663 3495 708 3539; x_wconf 93' lang='lat' dir='ltr'><strong>in</strong></span> <span class='ocrx_word' id='word_1_464' title='bbox 747 3496 847 3541; x_wconf 83' lang='lat' dir='ltr'><strong>suis</strong></span> <span class='ocrx_word' id='word_1_465' title='bbox 887 3496 1211 3556; x_wconf 85' lang='lat' dir='ltr'><strong>peculiaribus</strong></span> <span class='ocrx_word' id='word_1_466' title='bbox 1251 3496 1476 3542; x_wconf 85' lang='lat' dir='ltr'><strong>scientiis.</strong></span> 
     </span>
    </p>

    <p class='ocr_par' dir='ltr' id='par_1_14' title="bbox 122 3561 2364 3924">
     <span class='ocr_line' id='line_1_46' title="bbox 296 3561 2363 3631; baseline 0.004 -24"><span class='ocrx_word' id='word_1_467' title='bbox 296 3561 534 3623; x_wconf 86' lang='lat' dir='ltr'><strong>Objicitur</strong></span> <span class='ocrx_word' id='word_1_468' title='bbox 571 3571 732 3613; x_wconf 87' lang='lat' dir='ltr'><strong>autem</strong></span> <span class='ocrx_word' id='word_1_469' title='bbox 772 3574 940 3616; x_wconf 87' lang='lat' dir='ltr'><strong>contra</strong></span> <span class='ocrx_word' id='word_1_470' title='bbox 974 3582 1132 3631; x_wconf 87' lang='lat' dir='ltr'><strong>propr.</strong></span> <span class='ocrx_word' id='word_1_471' title='bbox 1178 3573 1223 3615; x_wconf 83' lang='lat'><strong>2.</strong></span> <span class='ocrx_word' id='word_1_472' title='bbox 1265 3582 1323 3615; x_wconf 84' lang='lat' dir='ltr'><strong>ex</strong></span> <span class='ocrx_word' id='word_1_473' title='bbox 1362 3580 1519 3627; x_wconf 87' lang='lat' dir='ltr'><strong>propr.</strong></span> <span class='ocrx_word' id='word_1_474' title='bbox 1564 3572 1615 3615; x_wconf 87' lang='lat'><strong>3:</strong></span> <span class='ocrx_word' id='word_1_475' title='bbox 1658 3566 1859 3613; x_wconf 89' lang='lat' dir='ltr'><strong>multum</strong></span> <span class='ocrx_word' id='word_1_476' title='bbox 1901 3580 2081 3629; x_wconf 81' lang='lat' dir='ltr'><strong>paucO,</strong></span> <span class='ocrx_word' id='word_1_477' title='bbox 2135 3581 2363 3630; x_wconf 85' lang='lat' dir='ltr'><strong>magnum</strong></span> 
     </span>
     <span class='ocr_line' id='line_1_47' title="bbox 122 3637 2364 3702; baseline 0.003 -20"><span class='ocrx_word' id='word_1_478' title='bbox 122 3646 275 3696; x_wconf 85' lang='lat' dir='ltr'><strong>parvo</strong></span> <span class='ocrx_word' id='word_1_479' title='bbox 314 3642 387 3682; x_wconf 89' lang='lat' dir='ltr'><strong>est</strong></span> <span class='ocrx_word' id='word_1_480' title='bbox 426 3637 741 3698; x_wconf 90' lang='lat' dir='ltr'><strong>contrarium,</strong></span> <span class='ocrx_word' id='word_1_481' title='bbox 794 3645 842 3687; x_wconf 90' lang='lat' dir='ltr'><strong>et</strong></span> <span class='ocrx_word' id='word_1_482' title='bbox 879 3641 1151 3702; x_wconf 83' lang='lat' dir='ltr'><strong>significant</strong></span> <span class='ocrx_word' id='word_1_483' title='bbox 1189 3639 1280 3687; x_wconf 86' lang='lat' dir='ltr'><strong>hae</strong></span> <span class='ocrx_word' id='word_1_484' title='bbox 1323 3652 1466 3686; x_wconf 86' lang='lat' dir='ltr'><strong>voces</strong></span> <span class='ocrx_word' id='word_1_485' title='bbox 1506 3641 1830 3700; x_wconf 87' lang='lat' dir='ltr'><strong>quantitates,</strong></span> <span class='ocrx_word' id='word_1_486' title='bbox 1885 3652 1998 3702; x_wconf 86' lang='lat' dir='ltr'><strong>ergo</strong></span> <span class='ocrx_word' id='word_1_487' title='bbox 2050 3642 2364 3690; x_wconf 88' lang='lat' dir='ltr'><strong>contrarietas</strong></span> 
     </span>
     <span class='ocr_line' id='line_1_48' title="bbox 123 3708 2362 3776; baseline 0.003 -21"><span class='ocrx_word' id='word_1_488' title='bbox 123 3713 197 3764; x_wconf 72' lang='lat' dir='ltr'><strong>est</strong></span> <span class='ocrx_word' id='word_1_489' title='bbox 235 3709 280 3754; x_wconf 90' lang='lat' dir='ltr'><strong>in</strong></span> <span class='ocrx_word' id='word_1_490' title='bbox 323 3708 691 3769; x_wconf 86' lang='lat' dir='ltr'><strong>quantitatibus.</strong></span> <span class='ocrx_word' id='word_1_491' title='bbox 768 3710 845 3759; x_wconf 80' lang='lat' dir='ltr'><strong>Ad</strong></span> <span class='ocrx_word' id='word_1_492' title='bbox 881 3711 1002 3761; x_wconf 88' lang='lat' dir='ltr'><strong>haec</strong></span> <span class='ocrx_word' id='word_1_493' title='bbox 1050 3713 1267 3776; x_wconf 83' lang='lat' dir='ltr'><strong>pluribus</strong></span> <span class='ocrx_word' id='word_1_494' title='bbox 1318 3710 1437 3758; x_wconf 93' lang='lat' dir='ltr'><strong>locis</strong></span> <span class='ocrx_word' id='word_1_495' title='bbox 1482 3711 1528 3757; x_wconf 91' lang='lat' dir='ltr'><strong>in</strong></span> <span class='ocrx_word' id='word_1_496' title='bbox 1567 3710 1908 3775; x_wconf 86' lang='lat' dir='ltr'><strong>Metaphysica</strong></span> <span class='ocrx_word' id='word_1_497' title='bbox 1957 3714 2130 3774; x_wconf 88' lang='lat' dir='ltr'><strong>repetit</strong></span> <span class='ocrx_word' id='word_1_498' title='bbox 2168 3712 2362 3762; x_wconf 87' lang='lat' dir='ltr'><strong>Aristo-</strong></span> 
     </span>
     <span class='ocr_line' id='line_1_49' title="bbox 122 3778 2360 3843; baseline 0.003 -15"><span class='ocrx_word' id='word_1_499' title='bbox 122 3778 256 3840; x_wconf 85' lang='lat' dir='ltr'><strong>teles,</strong></span> <span class='ocrx_word' id='word_1_500' title='bbox 298 3783 379 3827; x_wconf 90' lang='lat' dir='ltr'><strong>uni</strong></span> <span class='ocrx_word' id='word_1_501' title='bbox 419 3782 705 3830; x_wconf 82' lang='lat' dir='ltr'><strong>contrariam</strong></span> <span class='ocrx_word' id='word_1_502' title='bbox 744 3797 849 3832; x_wconf 84' lang='lat' dir='ltr'><strong>esse</strong></span> <span class='ocrx_word' id='word_1_503' title='bbox 889 3785 1260 3843; x_wconf 86' lang='lat' dir='ltr'><strong>multitudinem,</strong></span> <span class='ocrx_word' id='word_1_504' title='bbox 1303 3797 1450 3831; x_wconf 90' lang='lat' dir='ltr'><strong>unum</strong></span> <span class='ocrx_word' id='word_1_505' title='bbox 1488 3790 1650 3832; x_wconf 88' lang='lat' dir='ltr'><strong>autem</strong></span> <span class='ocrx_word' id='word_1_506' title='bbox 1690 3790 1762 3832; x_wconf 90' lang='lat' dir='ltr'><strong>cst</strong></span> <span class='ocrx_word' id='word_1_507' title='bbox 1801 3786 2048 3833; x_wconf 90' lang='lat' dir='ltr'><strong>minimum</strong></span> <span class='ocrx_word' id='word_1_508' title='bbox 2074 3786 2120 3833; x_wconf 89' lang='lat' dir='ltr'><strong>in</strong></span> <span class='ocrx_word' id='word_1_509' title='bbox 2146 3788 2360 3836; x_wconf 90' lang='lat' dir='ltr'><strong>numeris</strong></span> 
     </span>
     <span class='ocr_line' id='line_1_50' title="bbox 129 3852 2364 3924; baseline 0.003 -20"><span class='ocrx_word' id='word_1_510' title='bbox 129 3856 177 3904; x_wconf 75' lang='lat' dir='ltr'><strong>et</strong></span> <span class='ocrx_word' id='word_1_511' title='bbox 216 3854 372 3903; x_wconf 86' lang='lat' dir='ltr'><strong>omnis</strong></span> <span class='ocrx_word' id='word_1_512' title='bbox 409 3852 666 3903; x_wconf 84' lang='lat' dir='ltr'><strong>multitudo</strong></span> <span class='ocrx_word' id='word_1_513' title='bbox 694 3862 766 3904; x_wconf 84' lang='lat' dir='ltr'><strong>est</strong></span> <span class='ocrx_word' id='word_1_514' title='bbox 803 3869 1045 3922; x_wconf 87' lang='lat' dir='ltr'><strong>uumerus,</strong></span> <span class='ocrx_word' id='word_1_515' title='bbox 1084 3870 1313 3907; x_wconf 88' lang='lat' dir='ltr'><strong>numerus</strong></span> <span class='ocrx_word' id='word_1_516' title='bbox 1352 3869 1465 3906; x_wconf 87' lang='lat' dir='ltr'><strong>vero</strong></span> <span class='ocrx_word' id='word_1_517' title='bbox 1505 3859 1774 3924; x_wconf 88' lang='lat' dir='ltr'><strong>quantitas,</strong></span> <span class='ocrx_word' id='word_1_518' title='bbox 1815 3860 1958 3910; x_wconf 83' lang='lat' dir='ltr'><strong>etsie</strong></span> <span class='ocrx_word' id='word_1_519' title='bbox 1983 3861 2250 3911; x_wconf 82' lang='lat' dir='ltr'><strong>contrariae</strong></span> <span class='ocrx_word' id='word_1_520' title='bbox 2287 3862 2364 3910; x_wconf 62' lang='lat' dir='ltr'><strong>ins</strong></span> 
     </span>
    </p>
   </div>
  </div>
 </body>
</html>
