2652 4088
1026 139 1110 188 m.
1138 138 1471 188 Astronomica·
2268 130 2372 187 281

130 296 409 359 loquuntur,
449 299 505 344 nt
540 293 604 344 ad
641 307 783 343 usum
819 289 1190 343 accommodent
1215 289 1486 340 doctrinam
1522 287 1665 339 hanc.
1718 284 1787 334 At
1811 285 1846 333 ii
1869 284 2053 334 habent
2077 297 2194 333 suos
2218 282 2380 345 magi-

128 369 326 426 stelloS‚
364 384 396 418 a
434 369 612 432 quibus
653 367 975 430 corrigantur,
1013 379 1104 415 nec
1142 368 1216 414 est
1256 364 1512 428 occupatio
1551 363 1648 411 ista
1683 359 1830 422 digna
1855 357 2126 421 Scaligero,
2182 361 2237 405 ut
2274 356 2386 419 qui-

128 440 239 492 dem
289 444 393 491 toto
431 442 515 491 fol.
557 447 654 501 27,
701 440 787 489 ubi
832 438 1016 502 allegat
1068 439 1396 502 experimenta
1448 436 1672 495 nautica,
1720 433 1813 481 hos
1863 430 2139 494 detegentia
2187 442 2385 480 erroreS.

128 514 336 579 Corrigit
374 529 427 564 se
462 514 547 563 fol.
589 517 686 562 28:
729 512 906 575 „Hunc
942 516 1129 560 motum
1166 511 1259 560 soli
1297 510 1441 574 periti
1477 506 1802 571 intelligunt.“

300 587 441 636 Folio
493 591 586 636 25:
645 586 789 633 Stella
826 588 875 633 in
906 587 1052 634 cauda
1082 587 1344 646 Cynosurae
1382 584 1540 630 ultima
1580 581 1785 641 proxime
1816 593 1843 626 a
1873 579 1981 637 polo
2013 579 2209 638 (mundi)
2244 579 2384 625 abest.

6 700 7 703 η
125 660 266 710 Haec
303 665 358 708 ut
393 661 548 709 nostri
586 672 769 719 omneS,
808 671 900 721 ego
939 671 1062 706 una.
1127 656 1225 706 Sed
1264 670 1347 705 cur
1383 655 1462 703 sui
1498 655 1749 702 immernor
1771 653 1822 700 in
1849 650 1981 701 calce
2013 649 2237 710 affirmat,
2276 662 2386 698 rno-

51 723 55 725 “
129 740 234 782 tum
270 734 413 796 primi
450 731 675 792 mobiliS,
714 748 909 795 πρωτην
949 748 1140 797 φοραν,
1195 729 1560 779 conversionem
1600 724 1767 775 mundi
1804 725 1908 775 fieri
1945 724 2008 774 ab
2045 722 2099 771 X
2126 722 2190 773 ad
2226 721 2285 785 N,
2323 719 2388 772 ad

123 824 173 866 π,
199 821 233 855 a
256 824 291 855 π
315 804 380 854 ad
402 805 466 865 V,
494 806 636 867 quasi
661 818 807 867 super
830 803 947 866 polo

124 879 182 939 E,
220 892 319 926 non
356 891 472 926 vero
506 892 538 925 a
562 877 605 925 Τ
630 891 716 939 per
743 875 785 925 Ο
811 878 862 924 in
887 876 947 938 R,
1610 869 1693 912 Fig·
1719 866 1772 903 ¹3·

124 953 267 1014 quasi
291 964 437 1014 super
462 949 576 1012 polo
604 949 666 998 εἳ
706 949 803 998 Gur
819 949 950 998 hunc

124 1024 332 1075 eundem
367 1024 409 1072 E
445 1022 614 1086 polum
650 1022 797 1088 facit,
842 1023 949 1084 jam

124 1098 359 1161 originem
409 1094 595 1145 caudae
649 1095 766 1144 facit
812 1095 949 1144 volvi

122 1172 172 1218 in
221 1168 400 1219 circulo
448 1167 558 1228 OE,
611 1169 753 1230 quasi
803 1181 950 1231 super

121 1242 238 1308 polo
266 1241 327 1293 e?
383 1240 514 1304 Quid
550 1255 720 1290 verum
759 1239 948 1301 est‘N]

297 1313 468 1364 Obiter
503 1313 586 1362 fol.
627 1319 711 1363 27.
749 1308 950 1378 ἡμικυκ-

39 1383 45 1397 ’
125 1391 227 1439 λιον
300 1384 621 1451 καταβιβαζον
695 1400 951 1450 perperam

123 1466 325 1526 usurpat
349 1475 438 1525 pro
464 1460 695 1522 inferiori,
721 1474 836 1509 nam
861 1459 952 1509 de-

123 1535 232 1584 buit
290 1548 378 1598 pro
443 1532 755 1584 descendenti
806 1546 951 1581 usur-

122 1621 255 1672 pare,
293 1609 344 1655 in
382 1621 479 1671 quo
505 1613 579 1656 est
602 1606 846 1669 quadrans
870 1604 952 1654 ul-

124 1683 274 1730 timus
297 1682 562 1745 superioris
587 1686 636 1730 et
661 1681 845 1744 primus
869 1679 950 1728 in-

124 1755 330 1804 ferioris.

298 1825 488 1877 Ibidem
524 1825 558 1874 1.
602 1829 649 1876 5.
689 1840 720 1874 a
756 1824 852 1874 fine
891 1840 952 1875 ex

123 1898 213 1949 ΒΤ
265 1899 384 1950 facit
434 1899 763 1959 horizontem,
816 1898 953 1948 nulla

127 1971 296 2023 addita
331 1974 580 2023 mentione
604 1971 864 2037 peculiaris
890 1986 952 2020 u-

124 2061 225 2097 sus,
301 2045 414 2096 Non
447 2047 623 2096 mirum
669 2051 769 2106 est,
807 2044 861 2093 ‘si
897 2059 952 2094 se

123 2122 286 2184 ipsum
325 2118 603 2183 confundit3
654 2121 706 2166 in
758 2117 954 2167 mathe-

123 2194 314 2242 maticis
363 2193 539 2257 maJ’ori
587 2192 842 2256 diligentia
881 2196 956 2241 est

125 2281 267 2332 opus.

297 2338 455 2389 Linea
493 2343 542 2390 2.
590 2354 621 2388 a
657 2338 754 2387 fine
804 2338 956 2388 semi-

34 2442 38 2462 «
127 2412 415 2463 diametrum
433 2410 656 2476 paralleli
674 2411 847 2461 stellae
861 2426 958 2474 po·-

125 2485 244 2535 laris
279 2486 397 2535 facit
437 2482 495 2535 3⁰
522 2487 635 2548 24‘3
675 2485 725 2534 id
763 2500 821 2534 ex
847 2484 1097 2550 Tychone,
1137 2490 1188 2537 et
1223 2491 1327 2538 erat
1364 2486 1415 2536 id
1452 2489 1522 2537 ita
1560 2487 1739 2537 multos
1777 2491 1891 2538 ante
1929 2500 2110 2551 annos3
2151 2492 2203 2538 at
2238 2486 2386 2538 hodie

41 2623 43 2632 γ
131 2561 385 2624 angustior
421 2564 509 2620 est,
550 2558 685 2623 quod
723 2557 966 2608 inaudivit
1003 2558 1204 2610 aliunde
1243 2566 1292 2610 et
1327 2561 1506 2611 fatetur
1543 2561 1626 2610 fol.
1669 2566 1753 2611 34.

39 2679 42 2702 z
299 2632 407 2682 Fol.
437 2637 529 2682 28:
570 2635 706 2680 Hunc
736 2638 909 2679 motum
952 2633 1111 2682 stellae
1141 2636 1182 2682 G·
1210 2636 1257 2682 in
1289 2637 1470 2682 circello
1500 2655 1531 2681 α
1562 2641 1587 2681 δ
1617 2645 1644 2694 β
1673 2655 1699 2695 γ
1740 2636 1825 2681 soli
1855 2636 1986 2692 periti
2025 2637 2282 2695 percipiunt
2322 2636 2387 2681 id-

131 2713 219 2758 que
246 2701 466 2747 relatione
505 2700 628 2746 facta
658 2699 716 2744 ad
746 2699 919 2756 Vigiles
950 2700 1002 2757 F,
1024 2699 1082 2748 Ε.
1143 2697 1308 2749 Nimio
1335 2700 1490 2749 multa
1527 2701 1682 2750 nescit
1709 2699 1945 2763 Scaligeri
1977 2706 2174 2750 senecta
2213 2700 2392 2748 nimio·

129 2786 222 2835 que
261 2787 348 2822 seu
384 2771 571 2836 pudore
611 2771 864 2820 cohibetur
900 2769 965 2819 ad
1002 2772 1304 2835 respuendos
1343 2775 1601 2837 magistros
1641 2777 1804 2823 aetate
1836 2773 2071 2837 JunioreS,
2126 2788 2214 2823 seu
2253 2775 2392 2835 cupi-

129 2844 279 2895 ditate
316 2845 625 2909 profunditur
661 2843 726 2892 ad
764 2842 1036 2893 docendum
1075 2859 1147 2906 ea,
1190 2861 1315 2909 quae
1358 2861 1457 2896 nou
1496 2847 1681 2896 didicit.
1753 2844 1880 2897 Ecce
1917 2852 1973 2895 ut
2011 2846 2237 2912 trepidat,
2279 2845 2394 2894 dum

126 2920 296 2979 nescit,
336 2918 466 2968 unde
503 2918 812 2977 astronomis,
851 2915 979 2965 unde
1017 2921 1182 2968 nautis
1222 2922 1440 2983 cognitio
1477 2919 1828 2970 semidiametri
1853 2917 2154 2969 circellorum
2182 2920 2388 2968 circum-

8 3001 49 3089 ζι
125 2990 382 3056 polarium.
446 2990 577 3054 Quid
613 2990 817 3040 multis‘r>
876 2989 1154 3041 Observant
1198 2995 1469 3043 astronomi
1516 3008 1754 3042 summam
1795 2997 1843 3041 et
1893 2993 2040 3041 imam
2079 2991 2388 3042 altitudinem

47 3095 60 3131 ·t
91 3063 297 3115 llae
335 3066 385 3114 in
423 3064 589 3115 circuli
625 3063 884 3114 meridiani
921 3068 1059 3126 parte
1098 3066 1490 3129 septentrionali,
1541 3066 1743 3116 alteram
1782 3065 2008 3115 noctibus
2047 3066 2274 3128 aestivis,
2315 3063 2391 3114 al-

132 3238 133 3241 ,
310 3199 356 3256 ‘)
387 3200 577 3252 Scaliger
607 3203 668 3242 sic
701 3198 901 3243 describit
930 3202 1040 3241 hanc
1070 3203 1263 3251 figuram:
1296 3204 1344 3242 In
1379 3203 1534 3243 circulo
1565 3202 1722 3254 XTSR,
1758 3203 1830 3254 qui
1862 3204 1922 3241 est
1951 3202 2041 3241 vice
2073 3201 2210 3242 coluri
2239 3202 2390 3253 tropici

53 3259 56 3287 5
91 3258 101 3265 “
133 3260 348 3312 hodierni,
381 3266 469 3301 esto
501 3259 575 3301 BT
608 3264 812 3314 aequator
838 3259 963 3300 simul
994 3264 1035 3299 et
1064 3261 1235 3301 horizon
1268 3263 1344 3301 sub
1376 3262 1476 3313 polo
1509 3261 1655 3300 mundi
1684 3262 1735 3304 Ε.
1794 3261 1950 3300 Rursus
1981 3258 2130 3301 ABOD
2163 3261 2251 3300 esto
2284 3271 2388 3311 qua-

54 3327 57 3337 *
139 3319 388 3360 drilaterum
420 3319 669 3370 Cynosurae,
701 3320 749 3370 E,
782 3317 831 3369 F,
865 3318 900 3358 G
930 3319 974 3357 in
1006 3330 1147 3358 arcum
1190 3319 1422 3372 dispositae
1463 3323 1586 3358 sunto
1633 3318 1767 3358 cauda
1795 3317 2033 3366 cynosurae
2071 3321 2113 3359 et
2151 3318 2322 3372 quidem
2354 3318 2390 3360 G

56 3376 57 3385 ¹
138 3378 286 3419 ultima
317 3378 487 3431 caudae,
520 3389 645 3430 quam
677 3375 866 3429 polarem
898 3380 1059 3430 vocant,
1095 3377 1254 3417 distans
1287 3389 1311 3415 a
1340 3374 1440 3429 polo
1472 3393 1493 3419 e
1524 3376 1748 3417 intervallo
1781 3391 1847 3429 ea,
1879 3374 1929 3417 3⁰
1959 3373 2032 3416 24¹
2052 3387 2104 3428 o.,
2137 3380 2389 3431 quantorum

54 3472 56 3481 ,
132 3438 186 3478 15
220 3442 289 3478 eet
319 3448 436 3476 arcus
469 3435 539 3476 Sco
571 3439 643 3474 aut
672 3439 921 3487 quantorum
953 3436 1008 3474 90
1040 3436 1250 3487 quadrans
1281 3434 1367 3475 Ra>
1388 3435 1430 3477 S.
1494 3435 1542 3473 In
1575 3435 1843 3475 conversione
1872 3434 2016 3474 mundi
2058 3435 2207 3475 stellae
2235 3434 2270 3476 F
2291 3438 2332 3476 et
2351 3437 2386 3476 E

54 3499 55 3503 ’
133 3493 383 3535 describunt
415 3494 591 3534 circulos
623 3494 731 3532 circa
760 3490 907 3544 polum
937 3507 970 3534 e.
1032 3493 1089 3531 At
1121 3494 1293 3543 vulgus,
1326 3497 1491 3532 secutus
1524 3491 1739 3532 oculorum
1766 3491 1994 3543 judicium,
2026 3495 2147 3546 putat
2175 3493 2274 3533 illos
2306 3495 2387 3534 cir-

132 3553 248 3594 culos
289 3552 471 3593 describi
502 3552 608 3591 circa
640 3549 802 3589 stellam
836 3550 884 3601 G,
916 3555 1112 3602 tanquam
1147 3552 1254 3590 circa
1284 3549 1430 3603 polum
1462 3551 1622 3592 mundi.
1665 3550 1746 3591 Sed
1779 3552 2060 3602 experimenta
2090 3553 2261 3592 nautica.
2281 3564 2383 3607 quo-

132 3610 236 3651 tidie
270 3611 460 3650 sentiunt
491 3620 582 3647 earn
610 3606 776 3647 stellam
808 3607 1019 3648 circellum
1052 3609 1202 3662 αργὸ
1236 3610 1466 3649 describere
1497 3609 1549 3648 ad
1571 3612 1737 3661 raptum
1759 3610 1885 3662 primi
1907 3608 2088 3650 mobilis.
2141 3611 2272 3660 Igitur
2293 3604 2387 3651 curn

135 3667 255 3709 stella
289 3669 324 3708 G
355 3672 415 3706 est
446 3666 492 3706 in
522 3677 618 3706 arcu
650 3667 857 3718 superiori
887 3671 1007 3720 γβα,
1054 3666 1278 3706 detrahunt
1310 3666 1359 3706 de
1391 3665 1634 3720 altitudine,
1679 3670 1725 3707 ut
1764 3668 1942 3707 habeant
1981 3668 2250 3710 altitudinem
2279 3669 2384 3723 poli,

136 3725 230 3766 ideo
262 3738 338 3766 nos
370 3736 569 3766 vocamus
600 3722 903 3764 semicirculum
934 3729 1037 3778 γβα
1070 3723 1271 3765 circulum
1304 3726 1566 3779 evehentem,
1605 3726 1768 3779 quando
1800 3729 1935 3766 autem
1969 3731 2030 3767 eet
2061 3722 2172 3768 G'in
2202 3729 2384 3769 semicir-

139 3782 233 3832 culo
264 3785 460 3825 inferiore
488 3784 597 3837 αδγ
627 3783 757 3836 (quod
788 3794 864 3823 noe
894 3794 1087 3823 vocamus
1107 3781 1359 3838 ἧμικυκλιον
1379 3783 1674 3840 καταβιβαζον,
1707 3782 2012 3839 devehentem),
2044 3789 2143 3827 tunc
2169 3784 2385 3827 altitudini

66 3851 67 3854 ’
138 3841 282 3884 stellae
314 3843 537 3893 adjiciunt,
582 3844 631 3881 ut
660 3842 838 3882 habeant
878 3842 1149 3882 elevationem
1188 3842 1279 3896 poli
1317 3853 1444 3895 supra
1484 3842 1758 3887 horizontem.
1818 3844 1882 3886 Sit
1921 3843 2042 3886 stella
2073 3844 2110 3888 G
2139 3845 2184 3886 in
2213 3849 2254 3901 β,
2285 3849 2386 3887 tunc

138 3902 276 3953 majus
307 3899 573 3944 intervallum
602 3903 666 3942 est
694 3912 718 3940 a
747 3904 776 3954 β
805 3900 858 3942 ad
888 3900 1145 3943 horizontem
1173 3899 1246 3944 m·
1274 3912 1406 3957 quam
1436 3896 1554 3960 ψει.
