2652 4088
0 0 57 135 ξ
79 24 99 49 l
437 39 444 42 ῃ
771 44 774 45 ⁷
897 44 902 47 ’
987 51 991 54 ’
1025 63 1107 114 I‘V‘.
1135 60 1440 126 Astrologica.
1720 85 1721 92 1
2258 66 2364 123 343

0 165 31 286 ἓ
109 218 332 281 εΙίᾳιηω
360 219 584 269 morbum
621 219 669 266 in
707 217 849 267 annis
879 220 1034 278 1601,
1065 221 1203 266 1602
1242 214 1678 268 νειίοἱῃαῐιιεὶἐεῐε
1705 216 1804 267 ‘sed
1843 222 2049 267 eventus
2089 218 2251 281 ipsum
2275 233 2362 281 per

7 310 29 358 -2
106 292 203 341 Dei
238 294 447 355 gratiam
483 292 730 341 refutavit.
797 291 994 351 Fateor,
1034 291 1104 339 sic
1143 297 1449 354 comparatas
1489 305 1605 342 esse
1624 290 1858 354 quasdam
1900 306 1959 339 ex
1995 290 2092 339 illis
2131 290 2362 341 directio-

107 365 266 425 nibuS,
307 374 362 414 ut
399 380 499 415 non
538 367 738 428 impune
776 364 998 414 abiturae
1035 363 1230 424 fuerint,
1271 366 1311 412 si
1351 366 1421 414 sic
1461 365 1818 414 coincidissent.
1873 363 1970 413 Sed
2010 369 2180 413 auctor
2215 379 2362 414 secuu-

0 436 26 462 ⁷²
105 443 184 486 tus
223 443 298 486 est
336 438 689 500 Ptolemaeum,
732 437 871 500 cujus
908 435 1107 486 modum
1147 436 1380 499 dirigendi
1409 438 1828 501 Regiomontanus
1862 437 1964 500 jam
2002 437 2195 500 pridem
2228 441 2360 487 anti-

7 522 19 573 ⁶.
104 512 289 572 quavit.
364 512 598 561 Veterum
637 524 754 559 vero
792 510 966 559 modus
1004 524 1090 572 per
1137 510 1316 573 gradus
1363 511 1620 574 aequales,
1662 525 1806 573 quem
1845 510 2027 559 alicubi
2075 525 2256 574 sequor
2305 517 2362 560 ut

15 600 18 614 ÷
103 589 307 633 naturae
358 590 765 644 cousentaneum,
818 584 880 632 ab
932 588 1140 645 utroque
1187 584 1471 645 longissime
1522 583 1738 636 dissidet.
1825 584 1996 648 Tycho
2044 585 2195 632 ctiam
2245 585 2355 635 loca

100 657 408 718 planetarum
445 657 659 720 prodidit
698 658 1017 717 correctiora,
1071 658 1305 705 orientem
1345 659 1598 706 constituit
1635 658 1853 706 exactius
1891 664 2209 720 temporaque
2247 659 2356 722 ipsa

16 730 26 754 '⁴
99 729 248 792 paulo
287 729 431 779 aliter
469 732 665 779 metitur
702 729 864 791 modo,
905 731 987 793 qui
1026 729 1089 777 ad
1126 735 1350 778 naturam
1388 731 1590 793 propius
1629 730 1831 780 accedit.

519 813 848 859 Direcctiones.
880 813 1030 858 Ptole-
1121 812 1407 870 Tychonicus
1441 827 1497 858 ex
1526 813 1692 869 Regio·
1782 813 1956 858 Mixtus
1990 826 2046 857 ex
2077 819 2279 860 veterum
2311 821 2356 861 et

583 879 755 924 maicus
787 881 985 926 auctoris
1116 884 1333 923 montano
1355 884 1560 924 correcto
1581 880 1695 924 nati-
1812 879 2112 924 recentiorum
2155 881 2316 939 modis,

702 946 880 991 modus.
1123 944 1274 989 vitatis
1303 950 1528 989 momento
1562 950 1608 989 et
1635 944 1699 988 lo·
1789 957 1919 1000 quem
1952 949 2003 990 ut
2033 949 2223 990 naturae
2253 959 2356 991 con-

1202 1010 1266 1054 cis
1296 1009 1597 1066 planetarum.
1811 1007 2000 1053 formem
2031 1021 2114 1064 ego
2147 1023 2325 1066 sequor.

95 1073 200 1120 Aee.
221 1075 280 1120 ad
306 1077 375 1127 ἐξ
415 1078 451 1128 (ς
570 1109 580 1120 .
642 1108 652 1117 .
717 1077 825 1123 1601
834 1108 1289 1121 .......
1350 1073 1467 1119 1599
1472 1105 1850 1119 ......
1916 1074 2042 1121 1598.
2107 1077 2233 1124 1599.

124 1163 179 1171 -·
223 1165 281 1173 -
315 1148 362 1192 [l
410 1141 444 1196 S?-
573 1174 583 1186 .
646 1176 656 1186 .
717 1143 828 1188 1601
837 1173 1291 1189 .......
1352 1139 1466 1184 1599
1471 1169 1852 1184 ......
1953 1166 2009 1171 —-
2142 1167 2199 1173 --

123 1230 179 1236 -
229 1231 282 1238 -
321 1213 365 1256 [J
414 1205 448 1263 ΞΣ
492 1242 502 1251 .
567 1239 580 1253 .
643 1239 655 1252 .
718 1210 830 1256 1602
834 1240 1289 1254 .......
1351 1206 1469 1251 1600
1471 1236 1850 1251 ......
1916 1204 2044 1252 1599.
2109 1208 2235 1254 1600.

122 1271 179 1329 Θ
230 1297 286 1303 -
315 1272 374 1328 Δ
414 1276 454 1327 2)
492 1306 504 1318 .
569 1307 578 1316 .
642 1306 651 1316 .
712 1273 828 1318 1602
832 1304 1287 1319 .......
1353 1271 1462 1316 1603
1467 1302 1851 1316 ......
1914 1271 2041 1316 1601.
2104 1272 2234 1318 1602.

123 1361 180 1369 -
229 1361 284 1367 -
321 1364 366 1370 -
408 1335 448 1391 'b
493 1373 503 1383 .
566 1372 576 1382 .
641 1373 650 1383 .
713 1340 830 1386 1602
834 1370 1289 1384 .......
1350 1336 1469 1381 1604
1475 1366 1845 1380 ......
1912 1336 2039 1382 1602.
2105 1338 2232 1386 1603.

130 1407 171 1457 2)
233 1427 278 1435 —
310 1406 381 1457 ἦέ
410 1408 449 1459 2)
563 1438 572 1448 .
636 1439 649 1451 .
710 1404 826 1449 1602
830 1434 1288 1458 .......
1350 1401 1464 1447 1604
1468 1433 1846 1447 ......
1912 1401 2036 1447 1614.
2101 1403 2230 1450 1615.

131 1474 171 1525 J)
229 1495 279 1502 —
319 1483 378 1524 οι)
416 1469 456 1526 ἲ)
645 1505 655 1515 .
715 1469 831 1516 1602
835 1500 1294 1516 .......
1360 1467 1471 1513 1609
1475 1499 1855 1514 ......
1914 1468 2044 1516 1615.
2110 1470 2235 1517 12616.

865 1764 1231 1834 Wallenstenii
1277 1765 1558 1834 Nativitas.

0 1822 4 1920 l
32 1910 39 1933 ‚-
260 1879 392 1924 Anno
416 1880 530 1925 1860
554 1879 697 1925 edidit
716 1880 772 1926 D.
797 1879 932 1926 Otto
955 1880 1185 1937 Struve,
1218 1879 1429 1937 speculae
1452 1878 1779 1923 astronomicae
1798 1877 2117 1924 Pulkoviensis
2140 1879 2348 1938 director,

88 1944 290 1991 libellum
320 1945 610 2002 inscriptum:
642 1948 838 2006 Beitray
866 1960 951 1992 zur
979 1948 1288 2006 Feststelluny
1319 1947 1397 1993 des
1435 1946 1765 1991 Verhdltnisses
1793 1959 1882 1989 von
1903 1945 2108 2003 Keppler
2136 1959 2194 1991 zu
2223 1946 2351 1993 Wal-

87 2013 299 2068 leustein,
343 2012 390 2055 in
432 2025 521 2068 quo
573 2025 682 2057 usus
725 2011 955 2056 codicibus
995 2012 1374 2057 Pulkoviensibus
1419 2011 1478 2059 dc
1506 2011 1712 2067 Keplero-
1749 2011 1916 2068 Sagani
1950 2013 2072 2068 apud
2101 2013 2348 2060 Wallen-

89 2077 326 2123 stenium
351 2083 655 2120 commorante
670 2077 873 2134 pluribus
894 2077 1000 2134 agit,
1019 2093 1104 2124 nec
1126 2092 1218 2122 non
1239 2079 1392 2122 thema
1413 2077 1728 2121 Wallenstenii
1750 2077 2083 2132 genethliacum
2105 2077 2281 2123 recudit
2303 2085 2353 2133 et,

88 2144 310 2198 emendat,
343 2143 465 2200 quod
480 2142 766 2187 exhibuimus
798 2141 880 2187 vol.
899 2142 937 2189 Ι.
967 2158 1012 2201 p.
1035 2144 1119 2189 386
1141 2157 1202 2190 ss.
1251 2143 1491 2189 Praemisit
1513 2145 1566 2188 D.
1591 2144 1751 2187 Struve
1782 2143 1887 2188 huic
1921 2143 2159 2198 „themati“
2193 2145 2349 2192 literas

5 2238 8 2253 «
86 2210 271 2267 Kepleri
302 2209 360 2254 ad
381 2208 575 2266 aliquem
597 2207 751 2260 datas,
784 2220 916 2263 quem
946 2208 993 2252 in
1023 2207 1128 2253 aula
1157 2210 1389 2267 Rudolphi
1419 2209 1709 2266 Imperatoris
1740 2209 1865 2254 haud
1896 2211 2087 2267 exiguae
2117 2209 2350 2265 dignitatis

6 2292 8 2302 ³
86 2276 225 2322 fuisse
255 2282 427 2322 censet.
486 2276 732 2321 Desumtae
765 2280 871 2319 sunt
899 2275 985 2320 hae
1016 2275 1174 2321 literae
1206 2290 1262 2320 ex
1284 2277 1369 2322 vol.
1395 2276 1517 2320 XXI.
1550 2276 1957 2331 manuscriptorum
1979 2276 2349 2322 Pulkoviensium

7 2360 11 2398 3
88 2355 254 2399 easque
294 2342 368 2388 hic
406 2341 655 2399 repetimus
695 2341 883 2387 eandem
924 2343 981 2387 ob
1024 2356 1230 2389 causam.
1272 2358 1361 2401 qua
1401 2345 1457 2389 D.
1494 2342 1653 2387 Struve
1693 2348 1925 2397 permotus
1963 2341 2065 2386 illas
2101 2342 2350 2389 lectoribus

8 2441 11 2474 η,
86 2409 338 2465 proposuit,
377 2416 428 2453 ut
466 2414 686 2464 appareat
717 2407 908 2451 liberum
937 2407 1125 2464 Kepleri
1149 2407 1371 2464 judicium
1403 2409 1460 2453 de
1489 2406 1760 2464 astrologia,
1809 2408 1879 2452 cui
1909 2407 2155 2464 plurimum
2187 2408 2350 2455 tribuit·

8 2479 11 2534 g
87 2473 356 2531 Imperator.
416 2474 542 2519 Haec
570 2474 707 2531 igitur
735 2475 963 2532 Keplerus
995 2476 1202 2534 scripsit:

822 2552 967 2601 Anno
1011 2558 1164 2603 1611.
1207 2554 1340 2603 Fest.
1380 2553 1588 2603 Pascha.

779 2625 955 2689 Apage
993 2626 1337 2676 Caeremonias
1377 2633 1426 2676 et
1463 2627 1647 2688 mulcet,

599 2696 791 2747 debitos
832 2698 1043 2762 quidem,
1085 2700 1171 2749 sed
1211 2715 1496 2750 arcanorum
1536 2699 1824 2764 proditores,

257 2769 461 2819 Confido
511 2775 559 2819 te
610 2771 853 2821 hominem
904 2772 999 2822 fide
1058 2772 1349 2823 Germanica
1401 2776 1723 2837 cogniturum.
1816 2773 2040 2822 Caesaris
2097 2771 2347 2835 stipendia

13 2835 15 2842 ’
78 2847 262 2903 'merem
301 2858 333 2892 a
357 2843 589 2893 Bohemis
615 2844 986 2908 Austriacisque
1025 2861 1131 2895 sum
1170 2849 1492 2910 incorruptuS,
1534 2862 1797 2909 eorumque
1825 2847 2193 2895 conversatione
2231 2851 2343 2909 post

56 2925 236 2966 unum
275 2922 330 2965 ct
361 2916 566 2966 alterum
607 2932 919 2982 congressum
973 2920 1195 2969 consulto
1248 2922 1488 2970 abstineo
1567 2920 1645 2967 Ad
1684 2928 1730 2968 te
1768 2920 1967 2973 liberius
2014 2920 2200 2979 scribO,
2257 2920 2342 2981 qui

63 2986 406 3052 romatianae
431 3004 511 3038 es:
553 2990 684 3054 quod
722 3006 818 3040 non
845 2993 977 3041 fama
1000 3000 1203 3055 tantum,
1245 2994 1332 3043 sed
1373 2994 1500 3042 oculi
1528 3008 1766 3055 auresque
1805 3008 1942 3042 meac
1982 2998 2066 3040 tuo
2107 2991 2339 3042 beneficio

68 3044 198 3110 mnu
234 3060 514 3125 loquuntur.

258 3134 390 3183 Inter
428 3142 591 3186 cetera
626 3135 839 3186 hesterni
881 3137 1115 3200 colloquii
1154 3138 1254 3187 dixi
1293 3153 1391 3187 uno
1431 3140 1601 3200 veibo,
1641 3137 2077 3199 Astrologiain
2119 3138 2338 3200 ingen·-

39 3204 175 3270 ,fla
211 3206 434 3258 damna
470 3209 715 3259 afferre
755 3210 1132 3271 Monarchis,
1184 3214 1233 3259 si
1275 3218 1455 3260 catus
1495 3212 1727 3273 aliquis
1777 3211 2145 3273 astrologus
2185 3209 2337 3259 illu-

29 3272 232 3330 Mete
271 3281 430 3330 velit
467 3282 771 3331 hominum
813 3282 1200 3334 credulitati
1265 3283 1323 3331 ld
1360 3298 1420 3331 ne
1447 3283 1643 3331 Caesari
1683 3290 1847 3331 nostro
1888 3284 2096 3343 eveniat,
2139 3297 2342 3346 operam*

31 3353 197 3401 nihi
251 3354 460 3403 dandam
515 3362 649 3417 puto
729 3355 908 3404 Caesar
959 3356 1182 3404 credulus
1229 3361 1317 3406 cst.
1394 3355 1446 3404 Si
1485 3355 1697 3403 audierit
1730 3355 1789 3403 dc
1829 3354 1959 3402 Galli
2013 3355 2144 3403 illius
2187 3368 2335 3419 prog-

85 3428 284 3487 nostico,
324 3428 531 3475 multum
569 3427 639 3474 illi
677 3429 870 3478 tribuet.
947 3428 1105 3475 Tuum
1143 3429 1290 3490 igitur
1328 3432 1415 3487 est,
1458 3429 1539 3489 qui
1580 3428 1776 3476 Caesari
1816 3428 2043 3489 consulis,
2084 3428 2335 3492 dispicere,

86 3511 146 3546 an
183 3498 278 3547 boc
316 3502 378 3546 sit
419 3514 475 3546 cx
518 3514 606 3547 usu
634 3500 871 3547 Caesaris.
936 3500 1058 3546 Nam
1100 3502 1270 3562 opinor
1295 3506 1343 3548 te
1368 3499 1549 3558 videro,
1589 3502 1629 3547 si
1656 3499 1968 3549 fundamenta
1995 3501 2153 3550 desint
2177 3517 2334 3551 rerum

85 3568 208 3620 bene
243 3572 581 3634 gerendarum,
622 3585 798 3619 vanam
842 3585 948 3619 csse
989 3579 1035 3619 ct
1073 3573 1393 3633 perniciosam
1421 3586 1610 3620 ornnem
1640 3573 1992 3624 confidentiam,
2047 3574 2153 3638 Ego
2180 3590 2331 3639 prope

86 3651 264 3693 cutum
298 3645 404 3706 jam
438 3642 613 3702 babeo,
653 3657 890 3692 rumorem
930 3643 1235 3706 Prognostici
1275 3643 1450 3693 Gallici
1492 3645 1553 3691 ad
1593 3660 1733 3693 aures
1775 3647 1997 3694 Caesaris
2035 3648 2290 3709 perlatum.

259 3713 643 3779 Astrologia
681 3715 980 3779 vulgaris,
1021 3716 1196 3765 crede
1236 3716 1404 3776 mihi,
1450 3717 1802 3766 cothurnus
1843 3725 1941 3766 cst
1980 3727 2328 3784 potestque

27 3803 32 3863 ξ
85 3787 278 3842 lucili
319 3802 521 3854 opera
558 3787 816 3851 adduci,
857 3794 924 3839 ut
959 3788 1278 3854 placentia
1315 3789 1491 3839 dicat
1528 3792 1807 3854 partibus
1849 3794 2145 3858 utrisque.
2220 3796 2326 3860 Ego
