2652 4088
1105 147 1348 196 Solemnia.
2243 144 2350 202 137

770 299 1049 350 Grassantis
1087 300 1358 363 excepisset
1394 299 1558 361 ictum,

771 372 1153 438 Impavidusque
1191 374 1402 421 animam
1441 372 1667 422 dedisset.

712 447 875 496 Macte
912 446 1005 495 hac
1042 445 1250 510 adeptae
1286 445 1447 495 laudis
1485 445 1680 497 adorea.

713 520 869 585 Perge
908 525 956 568 et
992 525 1240 584 parentem
1278 518 1408 567 filius
1445 518 1589 575 haud>
1617 519 1721 568 sine

862 591 1148 642 Obliviosae
1186 597 1360 655 stagna
1396 591 1576 658 Lethes

857 666 1101 730 Perpetua
1136 666 1356 730 rapuisse
1393 670 1552 715 nocte.

285 959 409 997 Anno
433 958 545 998 1592
570 957 787 1007 Tubingae
807 956 989 1010 prodiit:
1019 953 1172 998 Oratio
1205 953 1260 998 de
1281 952 1373 998 vita
1395 957 1440 997 et
1459 955 1603 996 morte
1625 951 1862 997 clarissimi
1891 951 1975 996 viri
1996 952 2059 997 M.
2082 951 2359 997 Samuelis

15 1049 38 1054 ⁴-
111 1017 404 1075 Heilandi,
434 1018 712 1075 Basiliensis,
744 1019 933 1064 Ethices
962 1019 1008 1064 in
1038 1018 1282 1063 Academia
1313 1016 1591 1073 Tubingensi
1610 1017 1887 1062 Professoris
1919 1020 1965 1062 et
1984 1016 2166 1062 Ducalis
2196 1017 2361 1064 ibidem

114 1083 334 1141 Stipendii
364 1085 572 1143 Magistri
603 1086 775 1130 Domus
806 1085 864 1130 ad
894 1098 1035 1130 annos
1067 1084 1123 1131 36
1153 1082 1496 1140 vigilantissimi,
1527 1082 1683 1128 habita
1712 1094 1740 1127 a
1768 1083 1835 1129 M.
1867 1083 1980 1129 Erh
1992 1083 2130 1128 ardo
2164 1084 2358 1142 Gellio,

112 1150 238 1195 Poet.
270 1156 316 1195 et
343 1150 503 1197 histor.
531 1151 697 1196 ibidem
727 1150 1005 1197 Professore.

156 1222 158 1224 ’
282 1216 401 1260 Huic
430 1216 618 1262 orationi
649 1217 920 1274 subjUnctus
951 1222 1021 1263 est

1030 1370 1439 1454 nialogismus

586 1476 655 1527 de
692 1477 913 1528 funere
953 1477 1224 1542 ejusdem
1262 1475 1332 1525 M.
1373 1475 1422 1525 S.
1463 1474 1774 1525 Heilandi
1813 1481 1902 1525 etc.

409 1607 547 1671 Quae
583 1609 801 1674 pompa?
839 1607 1105 1674 Exequiae.
1181 1606 1325 1670 Quod
1362 1607 1510 1656 habet
1546 1606 1763 1657 Libitina
1801 1607 2052 1658 cadaver?

550 1681 798 1732 Heilandi.
863 1682 1116 1745 Quaenam
1155 1681 1357 1746 protulit
1396 1695 1482 1730 ora
1520 1681 1717 1730 virum?

409 1752 537 1804 Urbs
574 1755 789 1806 Basilea.
866 1757 1030 1805 Animi
1070 1771 1196 1819 quae
1235 1761 1349 1804 sunt
1387 1753 1648 1818 exempla?
1686 1755 1897 1817 Boozus‚
1948 1758 1951 1762 ’

553 1828 789 1891 DavideS‚
828 1829 1051 1893 Samuel;
1091 1827 1319 1892 Ingenii?
1357 1828 1574 1877 salomo,

414 1900 552 1965 Quae
590 1902 821 1952 fortuna?
859 1903 1022 1952 Minor
1059 1904 1257 1962 meritis,
1298 1907 1375 1950 sat
1410 1899 1670 1965 splendida
1706 1900 1884 1951 famae.

558 1973 687 2037 Quid
725 1978 881 2025 tenuit
913 1976 1154 2039 Juvenis‘?
1192 1974 1288 2024 Nil.
1329 1971 1620 2038 Capularis‘s>
1661 1971 1794 2038 Opes

412 2048 715 2111 Magnificas.
794 2048 932 2111 Quae
971 2052 1075 2099 vita
1110 2048 1253 2098 seni‘?
1291 2047 1541 2109 Morbosa‚
1581 2045 1668 2095 sed
1706 2049 1889 2097 insons.

556 2120 693 2183 Quae
732 2122 925 2187 puero?
989 2124 1203 2171 Extorris
1243 2122 1419 2171 mentis
1458 2134 1622 2169 amore
1659 2122 1802 2171 sacri.

413 2193 645 2258 Quanta?
682 2195 811 2245 Duci
849 2197 1027 2256 breviS,
1067 2202 1215 2259 atque
1253 2194 1451 2244 scholae
1490 2193 1751 2256 domuique
1790 2195 2054 2258 bonisque:

557 2268 732 2332 Aequa
769 2269 862 2318 Dei
902 2270 1083 2334 placito
1124 2274 1172 2318 et
1209 2268 1410 2333 syderis,
1450 2281 1610 2330 aequa
1646 2268 1768 2316 suis*

417 2339 637 2406 Optatis:
674 2343 843 2391 morbo
881 2342 1030 2407 longa
1067 2343 1349 2406 ingentique
1389 2339 1545 2389 dolori

559 2414 724 2478 Atque
761 2417 909 2464 animi
948 2422 1135 2465 moesto
1175 2415 1363 2464 coelitis
1401 2413 1563 2463 exilio.

412 2485 480 2536 Ut
517 2488 693 2552 periit?
729 2488 949 2540 Placide‘
1013 2488 1124 2551 Qua
1160 2490 1327 2537 mortis
1364 2486 1620 2550 imagine?
1658 2485 1833 2535 Morbo

558 2561 774 2623 Difficili,
814 2568 862 2611 et
900 2564 1017 2611 victi
1055 2559 1307 2612 debilitate
1345 2560 1467 2610 seni.

412 2632 554 2684 Mens
593 2635 678 2683 ubi
718 2635 935 2684 destituit
973 2649 1165 2685 cassum
1202 2636 1462 2701 spiramine
1500 2632 1715 2696 corpus?

556 2707 703 2769 Inter,
744 2710 829 2771 qui
866 2708 1065 2772 longum
1101 2723 1208 2759 sese
1247 2707 1426 2769 aluere,
1466 2706 1632 2758 libros,

410 2779 635 2843 Quonam
673 2781 809 2831 abit?
846 2781 904 2830 In
942 2783 1149 2846 patriam
1187 2788 1481 2845 sperataque
1519 2779 1689 2828 limina
1728 2778 1866 2831 coeli.

556 2853 650 2916 Qui
689 2855 887 2904 comes?
926 2855 1175 2919 Angelici,
1217 2848 1384 2919 bajula
1421 2853 1581 2913 turba,
1621 2853 1768 2902 chori.

408 2925 537 2989 Quid
576 2928 784 2992 corpus?
821 2928 1117 2992 Requiescet
1153 2929 1318 2980 humo.
1385 2927 1595 2991 Quando
1636 2941 1750 2989 ergo
1790 2928 2048 2989 resurget?

556 3000 678 3050 Cum
716 3015 864 3065 rogus
903 3003 1034 3052 orbis
1073 3002 1175 3052 erit.
1240 3001 1438 3065 Quale?
1476 3000 1711 3062 Perenne,
1751 3014 1958 3049 sacrum.

412 3148 586 3197 Ζῶντα
625 3149 803 3213 φίλουν
843 3146 1000 3209 καλοὶ,
1039 3147 1253 3200 πένθουν
1290 3144 1440 3209 κακοὶ,
1481 3141 1666 3196 ἄπ’νοον
1704 3140 1871 3211 ἄμφω,

559 3216 621 3271 Οἱ
653 3220 740 3283 μὲν
779 3218 1102 3287 ἀγωνοθέτην,
1141 3221 1374 3289 τρᾷβανον
1411 3218 1458 3270 οἱ
1495 3217 1549 3269 δὲ
1575 3218 1737 3283 Δίκης.

917 3352 1189 3417 Perpetuae
1226 3350 1535 3415 gratitudinis
1576 3363 1691 3412 ergo
1732 3364 1761 3398 a
1797 3348 1866 3401 M.
1906 3348 2021 3399 Joh.
2061 3349 2289 3415 Kepler0,

1226 3422 1396 3473 Theol.
1436 3422 1683 3483 Studios0,
1728 3422 1997 3487 Discipulo,
