2652 4088
775 154 922 204 Notae
952 157 998 204 in
1029 153 1260 204 Somnium
1288 155 1665 204 Astronomicum.
2273 158 2342 216 45

92 301 271 359 quoties
300 314 373 348 me
401 309 709 350 convenerunt
740 306 1025 362 spectatores
1057 306 1420 365 spectatricesve,
1454 304 1611 352 solitus
1643 315 1728 361 ego
1762 317 1862 350 sum
1892 305 2018 363 prius
2050 307 2107 353 ab
2136 305 2226 352 illis
2256 307 2344 352 col-

90 369 384 426 loquentibus
414 385 487 416 me
518 372 767 417 subducere
795 371 843 416 in
872 372 1087 429 angulum
1119 374 1278 420 domus
1307 374 1585 432 proximum,
1629 371 1687 416 ad
1716 372 1805 418 hoc
1835 385 1951 429 opus
1991 372 2210 431 electum,
2255 374 2345 420 diei

87 434 234 479 lucem
265 435 527 490 excludere,
558 437 839 483 fenestellam
870 445 1030 496 aptare
1059 441 1359 486 minutissimo
1392 454 1449 485 ex
1488 438 1727 494 foramine,
1770 438 1989 495 parietem
2028 439 2133 485 albo
2165 440 2346 497 vestire,

87 502 284 557 peractis
322 503 378 548 iis
419 503 639 549 advocare
676 510 971 560 spectatores
1027 507 1127 551 Hae
1158 507 1267 551 mihi
1298 506 1599 562 ceremoniae,
1638 504 1687 549 111
1716 505 1861 562 ritus3
1902 506 2038 551 vultis
2078 512 2123 550 et
2163 506 2345 552 charac-

86 569 238 612 teres?
270 568 325 612 In
354 568 522 614 tabella
541 570 690 626 nigra,
723 584 839 626 quae
869 571 980 615 mihi
1008 572 1281 617 videbantur
1311 578 1419 629 apta
1450 571 1781 629 spectatoribus
1814 576 1938 617 creta
1967 572 2213 630 perscripsi
2242 573 2344 619 lite-

86 634 148 678 ris
181 635 473 692 capitalibus,
518 636 749 680 literarum
778 637 922 693 figura
950 641 1072 682 retro
1107 650 1240 682 versa
1271 639 1343 692 (en
1373 637 1509 682 ritum
1539 637 1777 695 magicum)
1809 643 1861 683 ut
1889 637 2115 684 Hebraica
2145 639 2346 684 scribun-

85 706 182 758 tur;
212 701 330 746 hanc
360 702 573 746 tabellam
603 701 714 747 foris
746 703 830 747 sub
862 702 935 747 dio
967 702 1058 746 situ
1088 701 1323 748 literarum
1355 716 1512 748 everso
1552 703 1768 760 suspendi
1797 704 1843 748 in
1875 702 2002 762 Sole,
2045 711 2096 750 ut
2133 705 2197 751 ita
2229 719 2346 763 quae

85 766 353 822 scripseram
384 780 438 811 ea
466 768 712 812 introrsum
743 769 801 813 ad
843 768 995 813 album
1037 770 1259 826 parietem
1301 770 1595 826 pingerentur
1635 771 1725 815 situ
1766 777 1944 829 erecto,
1990 777 2036 817 et
2066 773 2106 818 si
2133 773 2346 819 tabellam

84 833 294 878 ventulus
325 834 516 889 agitaret
543 834 668 891 foris,
700 834 859 879 literae
889 835 1012 880 intus
1042 841 1165 881 motu
1194 849 1307 892 vago
1338 836 1559 892 parietem
1589 837 1935 893 reciprocarent.

256 899 333 944 45.
363 898 450 953 Qui
479 906 724 955 supersunt
745 914 802 944 ex
834 900 963 946 dictis
994 901 1105 946 meis
1137 901 1466 958 spectatoribus
1488 901 1717 959 videbunt,
1749 903 1839 959 ubi,
1861 903 2088 959 quodnam
2109 902 2155 947 id
2176 902 2344 948 bivium

85 964 227 1010 fuerit
254 966 302 1010 in
333 965 615 1010 habitatione
645 979 757 1023 mea,
789 965 1106 1023 recollegerint
1137 966 1312 1011 animis.
1372 967 1433 1011 At
1461 967 1537 1011 hic
1561 967 1657 1022 jam
1697 968 2048 1012 astronomicum
2078 968 2347 1025 intelligitur

82 1031 250 1076 bivium
278 1032 325 1076 in
357 1032 587 1077 schemate
617 1032 800 1078 coelesti
831 1033 1068 1088 supposito
1101 1032 1239 1088 idque
1272 1033 1510 1090 geminum,
1543 1046 1682 1076 unum
1706 1032 1823 1077 Solis
1845 1033 1892 1076 in
1913 1038 2083 1089 puncto
2107 1035 2344 1090 aequinoc-

81 1097 178 1141 tiali
208 1097 463 1152 constituti,
504 1098 551 1142 in
582 1111 671 1154 quo
703 1113 752 1143 se
782 1105 938 1143 mutuo
970 1097 1297 1143 transcendunt
1327 1104 1547 1155 aequator
1578 1103 1624 1142 et
1656 1098 1865 1153 ecliptica
1897 1098 2014 1143 Solis
2047 1099 2221 1145 semita.
2281 1100 2345 1144 Et

82 1167 231 1207 exstat
267 1162 314 1207 in
354 1164 676 1220 manuscriptis
709 1165 960 1211 Braheanis
1002 1177 1055 1208 00
1099 1163 1171 1208 die
1208 1164 1367 1208 habita
1410 1165 1668 1209 observatio
1711 1164 1963 1210 altitudinis
2003 1165 2121 1211 Solis
2159 1166 2206 1210 in
2241 1165 2342 1222 ipso

79 1234 247 1284 puncto
278 1229 607 1287 aequinoctiali.
670 1232 877 1276 Alterum
907 1230 1074 1275 bivium
1105 1234 1178 1273 est
1221 1229 1368 1274 nodus
1399 1230 1559 1274 Lunae
1608 1229 1887 1275 descendens
1932 1244 2014 1275 seu
2055 1230 2199 1276 cauda
2229 1233 2342 1276 Dra·

80 1295 220 1351 conis,
252 1309 370 1353 quae
399 1301 510 1340 tunc
542 1301 641 1340 erat
670 1297 717 1342 in
746 1298 836 1342 fine
866 1297 1067 1354 Aquarii,
1100 1297 1158 1341 ad
1191 1310 1326 1352 quam
1357 1295 1692 1354 respiciendum
1724 1301 1793 1340 est
1825 1301 2100 1353 astronom0‚
2133 1302 2183 1341 ut
2214 1297 2342 1356 sciat,

80 1360 261 1416 quando
290 1362 425 1406 Luna
455 1363 513 1407 sit
541 1363 587 1406 in
616 1363 856 1419 limitibus3
901 1364 967 1407 uti
1001 1362 1181 1420 quidem
1213 1369 1322 1408 tunc
1354 1369 1450 1408 erat
1480 1363 1526 1406 111
1558 1361 1763 1407 austrino
1802 1361 1944 1406 limite
1983 1361 2029 1405 in
2059 1360 2149 1406 fine
2181 1362 2341 1419 Tauri,

80 1426 158 1482 qui
189 1427 301 1471 situs
331 1428 489 1472 Lunae
519 1428 679 1473 invitat
710 1436 993 1475 astronomos
1025 1427 1084 1472 ad
1116 1427 1444 1473 observandam
1474 1427 1760 1472 latitudinem
1789 1426 1995 1471 limitum.

250 1493 324 1539 48.
354 1494 451 1539 Hos
483 1508 664 1552 quoque
693 1496 826 1541 ludos
867 1495 1120 1552 ipsissimos
1160 1493 1357 1550 adjicere
1390 1509 1491 1540 sum
1520 1493 1699 1552 solitus,
1741 1498 1870 1539 tanto
1911 1493 2132 1550 gratiores
2164 1497 2341 1551 specta-

79 1557 269 1615 toribus,
302 1559 424 1616 quod
453 1560 773 1620 intelligerent,
804 1563 935 1607 ludos
967 1575 1082 1607 esse.
2115 1562 2118 1563 ⁷

250 1624 323 1670 49.
355 1625 455 1670 Ηο0
484 1626 584 1683 ipso
615 1627 705 1672 ritu
738 1629 834 1684 (11111
866 1641 999 1685 quam
1029 1628 1202 1685 magice
1232 1628 1423 1685 magico)
1456 1627 1856 1673 observaveramus
1887 1625 2026 1683 paulo
2056 1625 2183 1683 prius
2206 1638 2340 1682 quam

75 1690 277 1736 libellum
318 1703 402 1748 ego
442 1693 724 1749 conciperem
768 1694 959 1751 eclipsin
992 1695 1131 1750 Solis,
1171 1707 1288 1739 anno
1332 1694 1502 1739 scilicet
1530 1693 1647 1740 1605
1683 1694 1753 1752 ἦ.
1789 1693 2010 1738 Octobris.
2071 1692 2342 1738 Meministis

77 1757 155 1812 qui
184 1756 470 1815 interfuistis,
500 1757 640 1814 legati
671 1759 867 1805 Palatini
887 1761 1173 1818 Neoburgici.
1223 1760 1277 1804 In
1309 1761 1477 1805 solario
1510 1760 1628 1804 enim
1659 1760 1818 1805 domus
1853 1759 2108 1805 deliciariae
2129 1760 2176 1804 in
2197 1758 2342 1804 hortis

78 1823 283 1868 Caesaris
314 1837 491 1870 camera
521 1825 879 1871 destituebamur
910 1826 1117 1880 obscura,
1150 1839 1290 1884 quare
1319 1826 1469 1884 palliis
1501 1825 1784 1871 obnubentes
1808 1825 1970 1884 capita,
2002 1826 2067 1871 ita
2089 1825 2176 1871 diei
2196 1825 2343 1871 lucem

77 1900 316 1934 arcuimus.

236 1958 318 2003 50.
348 1957 452 2003 Non
487 1958 766 2015 impossibile
809 1959 1039 2016 existimo,
1078 1958 1211 2003 variis
1251 1957 1564 2003 instrumentis
1609 1956 1809 2014 singulas
1853 1961 1948 2002 tam
1979 1956 2158 2002 vocales
2207 1969 2342 2013 quam

76 2029 377 2067 consonantes
408 2023 474 2068 ad¹
495 2023 790 2086 imitatiopem
822 2025 1029 2082 loquelae
1058 2026 1285 2070 humanae
1306 2029 1668 2080 repraesentare.
1715 2024 1767 2069 Id
1787 2028 1952 2081 tamen,
1976 2023 2189 2080 quicquid
2220 2025 2342 2070 futu-

74 2101 174 2132 rum
213 2093 303 2143 est,
347 2089 555 2145 strepitui
595 2095 640 2135 et
679 2092 875 2135 screatui
914 2104 1049 2148 quam
1088 2090 1215 2134 vivae
1254 2089 1353 2133 voci
1395 2088 1584 2135 similius
1624 2091 1724 2137 erit.
1785 2091 1850 2135 Et
1877 2091 1924 2135 in
1954 2091 2041 2135 hac
2078 2090 2343 2136 mechanica

73 2161 184 2212 puto
215 2155 457 2200 nonnullas
489 2169 589 2200 esse
621 2156 865 2202 collocatas
895 2156 1085 2202 insidias
1117 2155 1448 2212 superstitiosis
1481 2160 1526 2200 et
1559 2156 1767 2212 credulis,
1800 2161 1851 2200 ut
1883 2155 2155 2212 quandoque
2188 2156 2342 2201 existi-

74 2225 223 2277 ment,
266 2221 350 2265 sibi
390 2221 518 2278 loqui
549 2222 813 2280 daemonas,
858 2237 957 2268 cum
995 2222 1266 2280 praestigias
1306 2221 1505 2279 magicas
1547 2234 1620 2266 ars
1652 2221 1863 2267 imitetur.
1925 2221 2193 2278 Quanquam
2232 2221 2342 2279 quid

72 2286 212 2342 hujus
243 2287 476 2332 verissime
508 2289 754 2345 contingat.
781 2289 829 2334 id
858 2288 1029 2334 rectius
1051 2287 1150 2332 aliis
1174 2286 1371 2344 legitime
1394 2286 1726 2334 affirmantibus
1749 2287 1898 2346 credo,
1932 2301 2066 2344 quam
2085 2288 2184 2345 ipse
2215 2287 2341 2334 nulla

72 2354 256 2411 propria
285 2353 499 2399 suffultus
531 2355 811 2411 experientia
840 2355 1109 2411 negaverim.

246 2419 389 2464 Offert
420 2433 469 2464 se
499 2426 650 2466 tamen
680 2422 754 2466 hic
783 2423 892 2467 mihi
926 2421 1131 2478 jucunda
1170 2420 1384 2466 memoria
1415 2421 1637 2467 Matthiae
1670 2421 1866 2468 Seiffarti
1897 2422 2048 2468 bonae
2078 2421 2338 2480 memoriae,

73 2492 348 2544 symmystae
387 2501 414 2532 a
446 2487 659 2543 Tychone
698 2489 877 2534 Braheo
923 2488 1195 2533 haeredibus
1240 2488 1333 2532 suis
1374 2486 1539 2543 relicti,
1582 2489 1659 2544 qui
1698 2495 1792 2536 tres
1832 2502 2011 2535 menses
2047 2488 2257 2534 insumsit
2293 2488 2340 2533 in

74 2552 378 2609 computanda
409 2566 466 2598 ex
495 2555 752 2610 praeceptis
785 2555 1053 2612 Tychonicis
1084 2554 1388 2612 Ephemeride
1418 2555 1576 2600 Lunae
1620 2554 1666 2600 in
1701 2569 1868 2601 annum
1906 2570 2065 2601 unum:
2112 2556 2184 2601 cui
2215 2555 2338 2612 equi-

73 2616 174 2663 dem
204 2631 293 2663 vox
325 2625 421 2664 erat
452 2615 599 2665 verbis
631 2621 756 2666 hisce
787 2635 877 2666 non
909 2622 1144 2678 absimilis,
1176 2622 1359 2683 morbus
1391 2622 1526 2666 etiam
1558 2620 1730 2677 obtigit.
1748 2621 2101 2667 melancholicus
2133 2626 2178 2666 et
2198 2621 2336 2677 phre-

72 2684 263 2742 neticus,
294 2685 341 2730 in
372 2699 461 2742 quo
493 2701 583 2731 non
617 2692 714 2732 erat
743 2687 871 2732 locus
904 2688 1106 2745 ludendi,
1142 2689 1309 2744 quique
1341 2688 1524 2734 tandem
1554 2687 1601 2731 in
1629 2686 1882 2744 hydropem
1911 2685 2130 2732 lethalem
2162 2686 2286 2731 exiit.

245 2753 315 2798 51.
349 2752 548 2798 Scientia
579 2753 874 2810 apparitionis
907 2755 1128 2811 siderum3
1163 2769 1190 2799 a
1222 2759 1358 2799 δαιειν
1391 2754 1524 2799 scire.

246 2819 318 2864 52.
349 2819 423 2862 Ex
452 2819 583 2864 Luna
614 2819 847 2876 accersita,
882 2820 927 2864 in
959 2834 1094 2877 quam
1127 2820 1248 2865 oculi
1277 2834 1359 2877 per
1389 2820 1618 2865 fictionem
1650 2823 1780 2863 erant
1810 2817 2032 2864 translati.

245 2886 317 2931 53.
347 2885 436 2931 Uni
466 2886 623 2942 gradui
657 2887 812 2931 circuli
842 2888 995 2945 magni
1024 2887 1070 2931 111
1102 2887 1270 2932 Terrae
1303 2886 1436 2942 globo
1471 2885 1791 2931 adscribuntur
1835 2887 1885 2931 15
1918 2884 2125 2929 milliaria
2163 2895 2334 2940 germa-

0 2970 1 3003 3
72 2950 186 2997 nica.
243 2952 306 2998 Ut
345 2952 451 3009 quia
481 2953 653 2997 Romae
685 2958 755 2997 est
784 2952 874 2998 Alt.
905 2953 958 2999 P.
990 2954 1069 2999 41⁰
1099 2954 1195 3009 50‘,
1243 2953 1521 3008 Noribergae
1552 2951 1634 2997 49⁰
1664 2951 1736 2996 26¹
1776 2951 1861 2996 sub
1895 2950 2052 2996 eodem
2082 2949 2176 2995 fere
2206 2947 2334 2992 meri-

0 3014 1 3046 ἶ
74 3016 224 3074 diano,
257 3018 467 3063 milliaria
503 3018 642 3075 igitur
679 3019 761 3064 114
804 3025 851 3064 01
887 3019 944 3064 ad
975 3018 1175 3064 Danubii
1213 3018 1357 3075 ripam
1393 3020 1496 3075 100,
1538 3017 1772 3063 Rostochii
1803 3017 1856 3062 Α.
1888 3018 1938 3062 Ρ.
1972 3018 2054 3063 54⁰
2084 3018 2178 3072 10⁴,
2226 3027 2333 3071 ergo

72 3082 322 3140 Noriberga
351 3084 648 3129 Rostochium
679 3085 751 3129 71.
812 3086 885 3131 Sic
915 3085 1074 3130 Lincii.
1098 3087 1150 3130 A.
1172 3085 1222 3131 P.
1258 3085 1340 3130 48⁰
1370 3085 1456 3142 16¹,
1489 3083 1662 3138 Pragae
1695 3086 1775 3130 50⁰
1807 3085 1863 3141 θ’,
1897 3083 2150 3128 differentia
2174 3083 2218 3127 1⁰
2247 3083 2333 3138 50¹,

0 3174 1 3184 1
77 3156 318 3195 censentur
348 3164 454 3195 vero
485 3151 694 3195 milliaria
725 3151 799 3197 26.
862 3151 910 3195 Si
939 3150 1105 3206 gradus
1138 3164 1255 3195 unus
1286 3149 1424 3195 habet
1453 3149 1662 3194 milliaria
1696 3150 1762 3205 15,
1796 3155 1928 3194 erunt
1957 3150 2004 3193 in
2035 3148 2132 3205 ejus
2165 3147 2333 3205 circuli,

73 3215 162 3260 hoc
194 3222 263 3260 est
290 3217 336 3262 in
367 3218 488 3263 orbis
520 3218 689 3263 Terrae
720 3216 1050 3263 semidiametro
1081 3218 1291 3262 milliaria
1323 3219 1429 3265 860.
1481 3218 1544 3262 Et
1573 3229 1679 3261 vero
1712 3217 1758 3260 in
1777 3215 2039 3272 Hipparcho
2072 3214 2331 3258 demonstro

75 3286 121 3325 et
152 3281 198 3325 in
229 3281 353 3339 Epit.
384 3284 503 3329 Astr.
546 3284 738 3341 Copern.
780 3298 806 3328 a
844 3283 983 3340 priori
1024 3283 1223 3342 deduco,
1267 3284 1444 3328 Lunam
1486 3295 1721 3340 apogaeon
1753 3282 1807 3327 59
1854 3280 1946 3325 fere
1988 3278 2332 3325 semidiametris

75 3345 243 3391 Terrae
275 3347 446 3393 abesse.
506 3350 668 3395 Ductis
699 3351 753 3396 59
786 3351 831 3396 in
861 3352 963 3407 860,
995 3351 1308 3407 producuntur
1340 3350 1483 3396 50740
1512 3346 1734 3392 milliaria.

250 3414 317 3458 54.
347 3414 450 3459 Non
481 3416 566 3461 sita
596 3423 679 3474 est,
712 3418 791 3463 sed
822 3424 950 3465 natat
980 3418 1146 3474 potius,
1179 3418 1217 3462 si
1248 3416 1306 3461 ad
1336 3416 1510 3461 insulae
1542 3411 1881 3459 similitudinem
1912 3412 2191 3469 respicimus.
2240 3412 2330 3471 Sed

78 3478 154 3525 1110
178 3479 274 3535 jam
307 3480 365 3525 ad
394 3480 757 3539 imaginationem
786 3484 909 3529 visus
940 3482 1215 3540 loquendum
1246 3481 1346 3526 fuit.
1409 3481 1524 3525 Nam
1557 3478 1633 3535 qui
1663 3479 1709 3522 in
1739 3478 1869 3523 Luna
1899 3484 2046 3537 esset,
2079 3480 2259 3525 omnino
2289 3480 2329 3526 is

14 3602 17 3605 .
76 3545 250 3592 Lunam
282 3550 403 3590 stare
431 3546 534 3592 loco
566 3547 702 3593 fixam
733 3549 1027 3596 existimaret.

251 3614 322 3659 55.
355 3612 521 3658 Subest
561 3613 676 3658 ratio
715 3615 903 3672 physica
928 3616 1033 3671 ¹joco
1073 3614 1238 3666 mixta,
1287 3626 1368 3658 cur
1408 3611 1599 3668 eclipses
1634 3611 1750 3656 Solis
1788 3617 1832 3657 et
1862 3611 2020 3657 Lunae
2057 3615 2234 3658 tantum
2263 3611 2328 3657 in-

0 3684 1 3689 ’
75 3676 224 3723 ferant
251 3677 482 3723 malorum.
541 3678 758 3725 Nimirum
788 3682 893 3726 mali
926 3680 1108 3738 spiritus
1148 3678 1356 3723 dicuntur
1393 3683 1643 3735 potestates
1672 3677 1958 3723 tenebrarum
1990 3682 2035 3723 et
2063 3679 2202 3737 aeris3
2235 3692 2327 3725 cre-

81 3742 244 3790 dideris
275 3744 412 3801 igitur
443 3743 679 3788 damnatos
709 3751 755 3790 et
784 3748 912 3803 quasi
942 3747 1167 3803 relegatos
1191 3758 1290 3790 esse
1311 3744 1356 3789 in
1378 3745 1583 3800 regiones
1606 3744 1853 3800 umbrosas,
1884 3742 1930 3788 in
1960 3757 2122 3790 conum
2143 3745 2328 3791 umbrae

80 3809 260 3857 Terrae.
321 3808 510 3867 Quando
535 3822 660 3866 ergo
691 3809 763 3854 hic
796 3826 934 3859 conus
970 3813 1152 3859 umbrae
1182 3811 1356 3856 Lunam
1397 3810 1595 3866 attingit,
1640 3815 1748 3855 tunc
1790 3810 2031 3856 daemones
2069 3810 2327 3867 agminatim

82 3873 259 3922 Lunam
290 3874 520 3934 invadunt,
553 3876 737 3922 umbrae
769 3889 882 3923 cono
910 3891 995 3938 pro
1028 3877 1161 3925 scalis
1193 3875 1278 3921 usi.
1338 3874 1545 3922 Vicissim
1577 3875 1755 3933 quando
1787 3888 1926 3923 conus
1957 3875 2140 3923 umbrae
2168 3876 2326 3923 Lunae
