2652 4088
772 1208 1289 1278 Prooemium
1339 1206 1721 1312 Editoris.

1117 1391 1375 1398 —ffl

284 1510 526 1574 Keplerus
573 1513 888 1559 annotatione
928 1510 1143 1559 secunda
1196 1510 1258 1558 ad
1298 1516 1581 1572 sequentem
1620 1503 1795 1558 librum
1832 1510 2001 1571 refert,
2055 1525 2154 1572 qua
2189 1511 2376 1558 ratione
2447 1514 2450 1519 '

109 1585 349 1649 prioribus
389 1586 529 1631 annis
555 1584 618 1631 ad
643 1584 813 1632 Lunae
840 1584 1276 1632 considerationem
1303 1598 1355 1631 se
1383 1583 1718 1646 applicaverit.
1779 1585 1922 1632 Anno
1955 1588 2090 1632 1593
2121 1583 2378 1645 Tubingae

108 1672 162 1707 se
200 1658 449 1720 scripsisse
487 1657 651 1712 theses
689 1659 738 1703 in
776 1671 918 1705 usum
959 1656 1158 1706 Besoldi
1197 1657 1300 1720 (cfr.
1330 1656 1427 1704 vol.
1456 1657 1494 1703 Ι.
1535 1672 1582 1718 p.
1616 1653 1715 1722 14),
1759 1672 1879 1719 quas
1921 1656 2189 1716 Besoldus,
2231 1671 2376 1718 prae-

50 1730 214 1797 ‘ffside
253 1730 523 1793 professore
561 1729 758 1793 linguae
796 1729 979 1779 latinae
1019 1737 1066 1778 et
1103 1744 1307 1792 graecae
1335 1729 1450 1777 Vito
1478 1729 1688 1778 Miillero
1725 1729 2052 1779 defendendas
2092 1730 2378 1792 inpublica

87 1798 441 1867 ”disputatione
480 1805 760 1866 susceperit.
825 1802 933 1852 Hae
959 1803 1159 1865 Kepleri
1201 1803 1364 1851 theses
1403 1803 1547 1865 plane
1586 1805 1846 1865 perierunt,
1888 1804 1981 1850 nisi
2019 1804 2081 1851 sit
2120 1808 2394 1851 ass'umen--

113 1876 241 1937 dum,
283 1875 393 1924 illas
432 1891 488 1924 ex
526 1883 664 1938 parte
691 1876 885 1937 quidem
928 1883 1248 1925 transsumtas
1287 1890 1392 1925 esse
1433 1877 1478 1923 in
1511 1875 1845 1938 „Somnium,“
1890 1891 1999 1924 cum
2038 1879 2142 1939 ipse
2171 1875 2377 1924 affirmet

110 1949 230 2015 (vol.
271 1949 335 2001 11.
374 1964 421 2012 p.
465 1947 612 2014 497),
665 1950 884 2012 placuise
932 1952 1025 1998 sibi
1067 1949 1125 1999 de
1166 1952 1397 1998 creaturis
1443 1951 1490 1995 in
1532 1949 1673 1997 Luna
1711 1950 1994 1998 viventibus
2028 1950 2132 2011 jam
2174 1948 2288 1997 olim
2328 1950 2378 1996 in

112 2022 440 2087 disputatione
480 2022 736 2085 Tubingae
791 2037 917 2071 anno
962 2027 1096 2072 1593
1152 2024 1356 2085 scripta,
1409 2023 1519 2071 inde
1568 2025 1615 2069 in
1658 2020 1845 2085 Opticis
1887 2022 2008 2084 (vol.
2051 2022 2118 2070 ΙΙ.
2159 2037 2207 2085 p.
2251 2022 2378 2086 286)

11 2120 41 2138 *v
112 2102 162 2145 et
206 2099 255 2144 in
313 2095 647 2158 „geographia
684 2095 872 2143 lunari“
916 2093 1156 2160 (Somnio)
1206 2095 1387 2144 ludere.
1467 2095 1711 2145 Thesibus
1760 2096 1834 2144 his
1887 2101 2012 2144 certe
2062 2097 2281 2143 innixum
2331 2103 2379 2144 et

110 2167 324 2218 Galilaei
364 2169 584 2231 „Nuncio
623 2167 844 2217 sidereo“
889 2169 1221 2218 confirmatum
1249 2168 1513 2232 Keplerum
1541 2168 1720 2218 adiisse
1759 2171 2105 2218 astronomiam
2142 2168 2377 2230 lunarem,

11 2287 37 2297 Α.
108 2256 206 2291 11011
246 2245 293 2289 in
334 2241 535 2289 dubium
575 2242 875 2302 vocandum,
929 2243 1004 2290 his
1052 2242 1193 2291 lectis
1231 2242 1432 2304 Kepleri
1482 2243 1667 2303 verbiS,
1720 2256 1777 2291 ex
1819 2243 2241 2303 „Dissertatione“
2286 2249 2375 2290 etc.

98 2311 227 2382 (vol.
268 2314 332 2363 ΙΙ.
372 2330 420 2377 p.
466 2312 587 2380 496)
626 2314 887 2364 desumtis:
933 2315 1087 2377 „Cum
1127 2316 1243 2364 folio
1288 2316 1385 2364 287
1431 2313 1638 2378 Opticae
1678 2317 1968 2365 sententiam
1997 2314 2246 2363 Plutarchi
2286 2314 2378 2363 ad-

12 2383 50 2454 '.
110 2387 357 2437 duxissem
395 2388 479 2450 (de
518 2389 723 2437 maculis
762 2386 973 2453 Lunae),
1015 2403 1111 2437 non
1153 2389 1375 2437 dubitavi
1415 2403 1492 2436 me
1533 2403 1781 2451 opponere
1823 2395 1871 2437 et
1909 2390 2152 2438 contraria
2190 2389 2378 2437 ratione

11 2463 18 2486 ²
110 2463 159 2509 in
197 2460 401 2510 maculis
441 2463 757 2522 continenteS,
799 2463 846 2508 in
886 2461 1046 2510 lucida
1087 2464 1298 2525 puritate
1337 2462 1554 2510 humoris
1594 2464 1692 2509 vim
1733 2476 1930 2524 ponere,
1974 2476 2072 2524 qua
2110 2462 2159 2508 in
2185 2476 2235 2510 re
2260 2462 2379 2509 mihi

37 2528 41 2529 ⁷
109 2534 435 2584 Wackherins
474 2534 548 2595 (S.
591 2534 643 2582 C.
686 2534 753 2582 M.
795 2534 1112 2583 consiliarius
1154 2540 1200 2584 et
1240 2535 1288 2583 S.
1332 2534 1608 2597 Imperialis
1661 2534 1947 2583 Consistorii
1986 2533 2376 2595 ReferendariuS,

11 2612 38 2642 ³*
108 2607 323 2671 Keplero
362 2609 579 2670 apprime
618 2607 807 2670 favens)
850 2608 992 2656 valde
1033 2607 1329 2671 applaudere
1372 2615 1446 2656 est
1485 2608 1670 2657 solitus,
1751 2608 1986 2670 Adeoque
2036 2607 2111 2655 his
2154 2607 2376 2670 disputa-

17 2687 44 2709 ‘'
110 2681 325 2730 tionibus
351 2682 586 2743 superiori
613 2687 798 2729 aestate
826 2678 1006 2746 (1609)
1043 2681 1332 2730 indulsimus
1373 2681 1550 2746 (cred0,
1594 2681 1724 2743 quod
1764 2687 1939 2730 natura
1978 2696 2064 2744 per
2088 2694 2177 2728 nos
2206 2679 2377 2728 eadem

10 2746 62 2803 Ψ
107 2753 428 2814 moliebatur,
471 2768 596 2815 quae
634 2768 720 2816 per
759 2752 1033 2803 Galilaeum
1075 2755 1286 2803 obtinuit
1322 2754 1471 2817 paulo
1511 2755 1672 2819 post),
1722 2761 1775 2802 ut
1812 2757 1859 2801 in
1904 2756 2055 2816 ipsius
2095 2753 2377 2803 Wackherii

10 2836 51 2899 ’,ὀ
109 2818 315 2890 gratiam
354 2828 501 2875 etiam
540 2829 884 2875 astronomiam
911 2841 1105 2888 novam,
1148 2830 1287 2890 quasi
1326 2842 1412 2890 pro
1452 2830 1527 2888 iis,
1569 2829 1726 2890 quiin
1757 2828 1897 2876 Luna
1923 2827 2162 2888 habitant,
2202 2826 2376 2890 plane-

114 2913 207 2963 que
244 2899 593 2963 geographiam
633 2899 877 2962 quandam
917 2901 1135 2950 lunarem
1177 2899 1484 2949 conderem“.

284 2971 404 3021 Inde
442 2973 504 3021 ab
543 2986 601 3021 eo
640 2979 855 3037 tempore
896 2988 1050 3036 usque
1088 2973 1151 3022 ad
1178 2988 1355 3022 annum
1389 2979 1541 3033 1623,
1583 2971 1757 3021 nullibi
1784 2975 1991 3022 occurrit
2035 2972 2374 3035 „Somnium“,

113 3045 262 3095 verbo
299 3044 457 3094 solum
498 3051 716 3109 excepto,
759 3060 854 3108 quo
895 3047 1068 3095 librum
1097 3046 1292 3109 quidem
1319 3046 1562 3109 Keplerus
1600 3060 1696 3094 non
1738 3048 1978 3105 nominat,
2020 3044 2106 3095 sed
2146 3051 2272 3093 certe
2311 3044 2375 3094 ad

14 3158 24 3173 .
115 3131 225 3167 eum
261 3119 473 3180 respicit,
514 3121 562 3165 in
602 3119 826 3182 Epitome
868 3119 985 3183 (vol.
1026 3120 1114 3167 VI.
1156 3136 1203 3183 p.
1238 3118 1359 3183 485)
1399 3119 1590 3168 dicens:
1636 3119 1810 3179 „Luna
1848 3119 1997 3168 habet
2034 3118 2373 3182 pleniterreum

15 3183 45 3237 ’ἶ
113 3190 259 3252 (alibi
295 3190 649 3253 plenivolvium
688 3189 952 3257 appello).“
1034 3194 1176 3240 Anno
1222 3197 1374 3243 1623,
1415 3192 1538 3241 haec
1578 3192 1662 3240 dat
1700 3192 2035 3254 Bet-neggero:

285 3262 527 3312 Lunarem
550 3265 909 3313 Astronomiam
949 3272 1061 3314 ante
1102 3267 1362 3324 biennium,
1403 3271 1456 3313 ut
1492 3267 1699 3328 primum
1728 3264 1949 3313 Lincium
1989 3278 2095 3311 sum
2133 3276 2373 3324 reversuS,

12 3374 23 3383 .
112 3333 339 3384 recudere
379 3339 516 3398 coepi
553 3351 639 3385 seu
678 3340 841 3400 potius
869 3340 997 3386 notis
1038 3338 1295 3388 illustrare.
1348 3338 1526 3386 Verum
1555 3338 1755 3386 adhaesi
1784 3337 2131 3400 exspectationi
2168 3335 2373 3384 frustra-

12 3398 57 3488 ³2
113 3403 235 3455 neae
273 3406 426 3455 libelli
463 3411 623 3471 graeci
662 3410 910 3459 Plutarchi
951 3411 1010 3459 de
1050 3412 1173 3459 sacie
1214 3412 1405 3469 Lunae,
1460 3426 1603 3472 quem
1645 3411 1835 3457 Vienna
1885 3411 1967 3472 qui
2016 3410 2238 3472 promisit
2274 3423 2372 3457 non
2419 3444 2421 3446 .

113 3480 368 3528 submittit.
445 3481 516 3528 Ex
567 3481 774 3531 lectione
829 3485 1066 3532 versionis
1120 3484 1451 3546 Xylandricae
1514 3483 1681 3530 videor
1731 3482 2043 3541 subodorari,
2104 3481 2221 3544 quid
2277 3482 2372 3531 sibi

113 3552 324 3600 voluerit
363 3551 680 3615 philosophus
718 3557 765 3601 in
804 3556 1007 3615 lacunis,
1050 3556 1226 3605 haereo
1267 3562 1455 3615 tamen3
1509 3555 1680 3616 quodsi
1723 3570 1848 3617 quae
1901 3555 2101 3603 lacunas
2149 3556 2366 3618 proxime

114 3623 406 3673 antecedunt
444 3631 492 3673 et
529 3634 796 3688 sequuntur
835 3643 893 3676 ea
931 3643 1104 3690 graece
1145 3628 1380 3690 legerem,
1437 3629 1614 3675 rectius
1665 3642 1739 3674 me
1792 3626 2083 3690 expedirem.
2162 3626 2289 3689 Quid
2331 3630 2370 3676 si

47 3739 50 3742 Α
115 3702 164 3746 et
198 3711 308 3745 mea
350 3703 397 3745 et
422 3696 671 3746 Plutarchi
710 3700 1066 3761 gracco-latina
1106 3714 1200 3748 uno
1241 3700 1405 3748 libello
1446 3699 1736 3748 ederentur?
1790 3700 1850 3747 Et
1873 3714 1998 3748 anne
2038 3700 2185 3763 digna
2224 3701 2368 3749 etiam

62 3766 379 3818 Lucianica
418 3769 796 3832 commendatio,
844 3787 931 3821 seu
970 3772 1122 3822 libelli
1161 3786 1305 3820 verae
1344 3772 1591 3832 historiae,
1632 3773 1715 3834 qui
1754 3771 2031 3821 addantur?
2096 3772 2368 3821 Audiamus

12 3901 19 3911 ..
48 3833 65 3879 ·'·'
115 3842 250 3892 etD.
278 3841 643 3904 Lingelshemii‚
684 3856 826 3905 quem
864 3845 980 3893 mihi
1022 3843 1347 3904 commendas,
1384 3843 1637 3907 judicium,
1678 3846 1754 3892 cui
1782 3860 1873 3906 me,
1915 3847 2018 3894 viro
2059 3846 2143 3894 tali
2172 3847 2367 3910 qualem

11 3938 86 4088 ιζ
115 3914 297 3976 scribis,
336 3916 480 3979 cupio
521 3929 627 3965 esse
665 3917 1068 3967 commendatum.
1145 3922 1246 3971 (Otr
1282 3924 1547 3975 v01.vl.p
1581 3922 1698 3976 619.)
