2652 4088
330 169 400 225 38
1249 169 1278 214 J
1279 169 1436 215 oannis
1467 168 1650 227 Kepleri

329 333 455 382 quae
481 317 646 367 Volva
686 330 794 364 cum
833 315 1162 366 dimetientem
1198 316 1381 365 habeat
1417 316 1688 381 quadruplo
1719 319 1952 382 majorem
1977 316 2107 379 Sole,
2144 318 2248 368 fieri
2269 332 2368 367 non
2395 322 2573 382 potest,

328 394 445 455 quin
498 390 580 439 Sol
620 389 681 436 ab
732 391 914 439 oriente
965 405 1050 453 per
1100 389 1350 438 meridiem
1397 403 1525 452 pone
1562 391 1776 440 Volvam
1815 391 2136 451 immobilem,
2188 393 2236 439 in
2277 390 2574 440 occidentem

326 465 577 520 transienS,
618 461 901 511 creberrime
939 469 1051 526 post
1088 462 1299 511 Volvam
1338 462 1483 511 abeat
1521 468 1568 512 et
1604 466 1673 512 sic
1710 465 1773 513 ab
1813 480 1872 514 ea
1898 478 1984 513 seu
2009 478 2122 526 pars
2148 478 2233 513 seu
2271 469 2428 512 totum
2465 477 2575 513 cor-

328 552 420 599 pus
459 534 586 583 Solis
626 533 908 582 occultetur.
984 535 1071 582 Est
1108 540 1287 595 autem,
1325 534 1440 583 licet
1476 535 1724 598 frequenS,
1777 537 1921 585 valde
1959 544 2121 585 tamen
2158 536 2388 585 notabilis
2426 538 2576 585 totius

327 609 538 670 corporis
564 606 692 654 Solis
722 607 997 667 occultatio,
1039 609 1156 668 quia
1193 607 1380 669 aliquot
1405 607 1549 656 horas
1573 615 1812 658 nostrates
1838 609 1977 658 durat
1999 606 2086 671 ¹⁹³)
2128 615 2176 657 et
2200 609 2360 658 lumen
2386 614 2575 657 utrum-

326 695 419 743 que
458 679 587 727 Solis
627 690 673 728 et
699 679 892 728 Volvae
931 680 1074 728 simul
1112 681 1428 745 extinguitur,
1467 681 1598 743 quod
1636 681 1766 744 apud
1803 682 2070 730 subvolvas
2110 681 2306 744 quidem
2346 695 2577 745 magnum

325 751 442 815 quid
481 757 567 812 est,
608 753 788 814 quippe
828 752 910 814 qui
949 753 1072 800 alias
1098 751 1280 800 habent
1304 758 1473 802 noctes
1511 753 1641 802 haud
1668 754 1819 802 multo
1847 756 2148 804 obscuriores
2176 754 2350 802 diebus
2381 759 2576 817 propter

323 825 517 874 Volvae
554 830 790 886 perpetuo
828 826 1096 887 praesentis
1135 824 1443 887 splendorem
1478 831 1526 874 et
1565 827 1964 889 magnitudinem,
2005 842 2113 876 cum
2151 829 2200 874 in
2240 827 2409 890 eclipsi
2445 827 2575 876 Solis

324 905 582 959 utrumque
620 898 738 959 ipsis
777 897 1013 946 luminare
1053 899 1117 946 sit
1154 900 1458 958 exstinctum,
1497 898 1582 947 Sol
1621 906 1669 947 et
1707 899 1884 949 Volva.

495 970 694 1018 Habent
739 975 902 1019 tamen
950 969 1081 1033 apud
1118 971 1253 1033 ipsos
1292 970 1495 1033 eclipses
1534 970 1662 1020 Solis
1697 972 1792 1020 hoc
1829 970 2096 1034 singulare,
2137 970 2267 1033 quod
2304 972 2576 1034 frequenter

323 1041 585 1092 admodum
622 1042 690 1103 fit,
730 1048 783 1090 ut
819 1043 933 1092 Sole
972 1046 1054 1092 vix
1092 1049 1203 1106 post
1243 1057 1415 1106 corpus
1458 1043 1646 1092 Volvae
1685 1041 1851 1094 abdito
1893 1060 1923 1094 a
1959 1052 2095 1107 parte
2134 1045 2358 1107 opposita
2396 1046 2576 1092 oriatur

321 1115 566 1179 splendor,
610 1117 750 1177 quasi
788 1115 901 1164 Sole
952 1116 1160 1164 distento
1208 1122 1256 1165 et
1305 1122 1462 1165 totum
1498 1116 1691 1165 Volvae
1738 1131 1911 1180 corpus
1949 1117 2198 1179 amplex0,
2252 1131 2360 1165 cum
2412 1123 2573 1166 tamen

322 1188 445 1237 alias
482 1194 556 1236 tot
600 1188 819 1251 partibus
859 1188 945 1237 Sol
984 1190 1138 1237 minor
1189 1196 1424 1252 appareat
1474 1204 1618 1251 quam
1654 1189 1820 1239 Volva
1839 1185 1946 1256 ¹⁹⁴).
2026 1190 2198 1251 Itaque
2236 1203 2396 1238 merae
2435 1196 2574 1239 tene-

321 1263 436 1310 brae
474 1275 572 1309 non
610 1275 799 1323 semper
836 1261 970 1321 fiunt,
1010 1263 1104 1309 nisi
1144 1267 1192 1310 et
1230 1268 1393 1311 centra
1419 1277 1673 1325 corporum
1708 1277 1860 1326 prope
1904 1263 2165 1311 admodum
2198 1262 2466 1324 jungantur
2482 1259 2574 1327 ¹⁹⁵)

323 1340 371 1384 et
409 1334 555 1383 medii
595 1334 826 1396 diaphani
866 1334 1119 1397 dispositio
1160 1337 1430 1384 consentiat
1450 1331 1551 1401 l9⁶).
1617 1335 1713 1384 Sed
1750 1350 1839 1385 nec
1876 1335 2041 1385 Volva
2080 1337 2149 1383 sic
2186 1336 2348 1383 subito
2387 1337 2573 1384 exstin—

321 1409 509 1470 guitur,
549 1412 602 1455 ut
641 1409 834 1469 penitus
874 1410 1002 1456 cerni
1039 1422 1135 1455 non
1173 1409 1330 1470 possit
1350 1403 1458 1472 ¹9⁷),
1509 1410 1734 1470 quamvis
1773 1409 1856 1458 Sol
1895 1414 2027 1457 totus
2064 1414 2176 1471 post
2213 1409 2370 1471 ipsam
2407 1408 2574 1466 lateat,

320 1482 414 1528 nisi
454 1485 640 1528 tantum
678 1481 727 1526 in
765 1479 924 1528 medio
966 1480 1247 1530 defectionis
1284 1481 1526 1529 maximae
1564 1481 1768 1530 articulo
1786 1477 1898 1549 ¹⁹3).
1974 1481 2029 1528 In
2068 1483 2302 1544 principio
2340 1495 2456 1529 vero
2493 1488 2574 1530 to-

238 1564 240 1566 ·
319 1553 433 1602 talis
474 1553 757 1602 defectionis
811 1555 859 1599 in
901 1553 1193 1616 quibusdam
1238 1553 1360 1602 locis
1411 1553 1635 1602 divisoris
1673 1553 1837 1603 Volva
1885 1554 2044 1603 adhuc
2089 1554 2246 1614 albet,
2302 1555 2445 1621 quasi
2485 1568 2573 1602 ex-

320 1627 496 1674 stincta
533 1626 728 1674 flamma
765 1632 1008 1688 superstes
1047 1627 1193 1675 carbo
1233 1629 1406 1688 vivus3
1457 1641 1555 1689 qua
1593 1626 1818 1676 albedine
1859 1629 2005 1676 etiam
2043 1629 2306 1686 exstincta,
2360 1626 2571 1676 medium

319 1704 392 1748 est
431 1698 645 1747 defectus
683 1700 878 1746 maximi
917 1699 1050 1763 (nam
1087 1702 1138 1746 in
1176 1714 1274 1748 non
1300 1700 1510 1748 maximo
1549 1714 1645 1748 non
1685 1702 2004 1763 exstinguitur
2029 1699 2151 1749 haec
2177 1698 2389 1764 albedo),
2430 1699 2572 1749 rede-

319 1776 435 1820 unte
472 1786 588 1821 vero
627 1771 853 1821 albedine
879 1772 1069 1821 Volvae
1106 1771 1173 1838 (in
1201 1773 1437 1836 oppositis
1474 1772 1595 1822 locis
1624 1771 1850 1822 divisoris
1890 1770 2073 1837 circuli)
2111 1774 2258 1821 etiam
2284 1772 2413 1821 Solis
2453 1786 2573 1822 con-

321 1850 516 1908 spectus
566 1847 948 1908 appropinquat;
1008 1851 1062 1894 ut
1111 1847 1179 1893 ita
1230 1851 1487 1909 utrumque
1537 1845 1773 1895 luminare
1826 1845 2186 1909 quodammodo
2240 1847 2575 1909 exstinguatur
2649 1883 2652 1923 Ι

321 1916 466 1967 simul
504 1919 553 1964 in
594 1917 756 1966 medio
795 1918 1011 1967 desectus
1050 1919 1249 1967 maximi
1268 1913 1374 1978 100).

495 1990 656 2053 Atque
695 1990 817 2039 haec
855 1991 914 2039 de
954 1993 1250 2054 apparentiis
1297 1992 1347 2037 in
1384 1990 1634 2039 Levaniae
1679 1990 2035 2053 hemisphaerio
2074 1996 2279 2052 utroque
2318 1995 2416 2038 tam
2454 1989 2573 2038 sub—

322 2061 536 2112 volvano
565 2078 711 2126 quam
737 2063 1042 2127 privolvan⁰‚
1094 2065 1167 2112 Ex
1206 2065 1382 2127 quibus
1420 2077 1517 2111 non
1557 2070 1629 2113 est
1669 2063 1862 2112 difficile
1902 2063 1981 2112 vel
2018 2077 2094 2111 me
2121 2068 2312 2112 tacente
2333 2062 2574 2127 judicare,

326 2143 562 2200 quantum
601 2138 650 2184 in
690 2139 862 2187 ceteris
901 2137 1262 2186 conditionibus
1300 2136 1572 2186 subvolvae
1610 2151 1641 2185 a
1677 2135 1914 2199 privolvis
1954 2135 2190 2186 differant.
2637 2139 2645 2144 “

492 2209 601 2258 Nox
641 2211 767 2258 enim
805 2211 1153 2259 subvolvarum
1201 2211 1292 2259 etsi
1339 2211 1575 2259 nostratia
1627 2214 1692 2259 14
1732 2213 2009 2275 νυχθημερα
2055 2208 2202 2273 longa
2247 2210 2332 2270 sit,
2382 2207 2574 2257 Volvae

318 2286 480 2331 tamen
518 2286 795 2345 praesentia
833 2283 1006 2332 Terras
1053 2284 1264 2332 illustrat
1302 2288 1350 2331 et
1387 2297 1416 2330 a
1453 2282 1629 2345 frigore
1667 2282 1894 2332 custodit.
1968 2282 2130 2331 Tanta
2177 2283 2358 2345 quippe
2403 2281 2575 2344 moles,

318 2360 482 2404 tantus
521 2355 748 2418 splendor
786 2370 881 2404 non
921 2362 1083 2419 potest
1120 2370 1218 2405 non
1257 2355 1519 2404 calefacere
1536 2352 1644 2421 ²⁰⁰).

491 2427 720 2477 Vicissim
761 2431 851 2477 etsi
901 2429 1003 2478 dies
1052 2429 1184 2491 apud
1230 2427 1497 2477 subvolvas
1548 2427 1803 2477 molestam
1852 2426 2031 2476 habeat
2068 2426 2197 2475 Solis
2247 2428 2574 2489 praesentiam

317 2513 404 2563 per
440 2505 606 2549 nostra
650 2505 712 2550 15
754 2501 834 2550 vel
865 2506 927 2550 16
968 2506 1271 2566 νυχθημερα,
1313 2500 1399 2549 Sol
1425 2507 1586 2549 tamen
1624 2502 1780 2549 minor
1815 2513 1913 2548 non
1951 2499 2074 2548 adeo
2114 2499 2299 2548 infestis
2337 2506 2413 2548 est
2449 2501 2571 2548 viri-

317 2573 410 2621 bus
426 2569 536 2636 ²⁰¹),
579 2579 626 2622 et
663 2573 920 2623 luminaria
941 2575 1113 2637 Juncta
1140 2574 1400 2637 proliciunt
1437 2588 1591 2636 aquas
1631 2587 1797 2622 omnes
1823 2574 1871 2619 in
1895 2571 2015 2620 illud
2043 2568 2575 2641 hemisphaerium‘202),
2620 2573 2622 2575 ’

317 2647 454 2694 terris
494 2647 693 2708 obrutis,
734 2653 787 2695 ut
825 2647 969 2710 plane
995 2662 1166 2710 parum
1205 2646 1264 2695 de
1302 2648 1361 2694 iis
1401 2653 1557 2694 exstet
1576 2641 1691 2714 ²⁰³),
1730 2651 1895 2694 arente
1921 2651 2086 2693 contra
2113 2651 2160 2694 et
2184 2645 2388 2708 frigente
2414 2645 2572 2694 hemi-

317 2719 543 2782 sphaerio
583 2720 896 2783 privolvan0‚
941 2722 1121 2782 quippe
1159 2720 1419 2768 subtractis
1459 2719 1682 2767 omnibus
1722 2720 1862 2781 aquis
1880 2714 1995 2778 ²⁰⁴).
2056 2718 2210 2767 Nocte
2249 2724 2412 2769 autem
2451 2719 2571 2767 sub·-

321 2797 465 2841 eunte
505 2792 636 2856 apud
673 2793 968 2853 subvolvas,
1009 2792 1085 2841 die
1124 2791 1254 2855 apud
1292 2791 1567 2855 privolvaS,
1618 2805 1727 2840 cum
1764 2791 2121 2854 hemisphaeria
2158 2793 2282 2839 inter
2317 2805 2369 2839 se
2409 2790 2568 2839 divisa

317 2864 534 2914 habeant
582 2866 862 2927 luminaria,
915 2865 1195 2914 dividuntur
1233 2871 1281 2914 et
1318 2879 1501 2928 aquae,
1550 2870 1598 2913 et
1644 2864 1897 2912 subvolvis
1936 2864 2131 2926 quidem
2168 2863 2412 2913 nudantur
2448 2865 2568 2927 agri,

317 2937 555 3015 privolvis
593 2953 710 2987 vero
748 2940 797 2985 in
837 2939 1067 3001 exiguum
1104 2938 1331 2987 solatium
1369 2943 1533 2986 aestus
1570 2936 1906 3000 suppeditatur
1942 2933 2234 2999 humor-²⁰⁵).

494 3010 713 3074 Cumque
751 3016 856 3060 tota
894 3011 1114 3060 Levania
1151 3026 1249 3058 non
1285 3009 1414 3059 ultra
1449 3009 1582 3059 mille
1630 3017 1678 3058 et
1716 3008 2069 3072 quadringenta
2113 3008 2339 3057 milliaria
2376 3022 2571 3070 germa-
2635 3047 2639 3055 .

317 3086 428 3133 nica
464 3089 631 3147 pateat
668 3086 717 3132 in
757 3086 1031 3143 circuitum,
1087 3083 1217 3146 quod
1267 3090 1339 3132 est
1392 3088 1565 3145 quarta
1612 3082 1805 3132 demum
1846 3082 2054 3130 Telluris
2099 3090 2293 3131 nostrae
2331 3078 2568 3144 ραι-6000),

318 3163 507 3206 montes
545 3163 706 3206 tamen
743 3157 892 3206 habet
929 3157 1189 3206 altissimos
1204 3152 1314 3217 ²⁰⁷),
1355 3155 1510 3204 valles
1546 3155 1946 3218 profundissimas
1980 3161 2027 3204 et
2053 3155 2266 3218 prolixas
2281 3150 2379 3223 2⁰²³)
2416 3154 2569 3203 adeo-

320 3246 413 3294 que
451 3229 656 3279 multum
680 3230 862 3279 Telluri
899 3236 1092 3279 nostrae
1118 3231 1166 3276 in
1192 3229 1485 3292 perfectione
1523 3228 1833 3277 rotunditatis
1871 3227 2103 3277 concedit.
2168 3229 2354 3276 Porosa
2378 3229 2568 3276 iuterim
2632 3243 2652 3306 ῃ

318 3309 423 3352 tota
473 3310 546 3353 est
596 3310 644 3353 et
683 3306 903 3353 cavernis
953 3302 1294 3367 speluncisque
1339 3303 1585 3364 perpetuis
1633 3304 1774 3363 quasi
1817 3301 2034 3364 perfossa
2050 3297 2170 3364 ²⁰⁹),
2225 3302 2432 3349 maxime
2483 3314 2569 3363 per
2636 3316 2639 3345 τ

319 3377 633 3439 privolvanos
670 3382 852 3426 tractus
869 3372 987 3440 ²¹⁰),
1037 3374 1168 3439 quod
1204 3376 1520 3438 praecipuum
1557 3374 1728 3423 incolis
1764 3373 2027 3423 remedium
2066 3380 2139 3424 est
2176 3379 2343 3423 contra
2379 3379 2569 3423 aestum
2632 3366 2645 3422 ’ἓ

323 3454 371 3497 et
407 3446 675 3512 frigora2¹1

495 3450 737 3585 Quicquid
775 3521 855 3571 vel
894 3527 1020 3570 terra
1053 3521 1282 3580 nascitur,
1322 3518 1401 3568 vel
1439 3532 1583 3582 super
1618 3523 1793 3567 terram
1830 3514 2225 3582 ingreditur²¹²)‚
2264 3524 2568 3568 monstrosae

321 3595 667 3655 magnitudinis
707 3601 794 3644 est
869 3595 1172 3643 Incrementa
1210 3592 1331 3640 fiunt
1369 3591 1676 3651 celerrima3.
1687 3592 1848 3640 brevis
1886 3593 2016 3640 vitae
2066 3597 2178 3640 sunt
2216 3593 2404 3653 omnia,
2459 3605 2567 3639 cum

323 3664 385 3714 ad
434 3671 532 3713 tam
580 3670 838 3717 immanem
887 3681 1140 3730 corporum
1195 3665 1373 3715 molem
1420 3660 1826 3749 adolescant2¹³).
1900 3663 2074 3713 Nullus
2124 3665 2359 3727 privolvis
2409 3670 2564 3712 certus
2607 3672 2640 3712 >

321 3736 481 3799 niduS,
527 3740 660 3789 nulla
696 3741 935 3789 habitatio
974 3746 1125 3798 stata;
1173 3745 1328 3788 totum
1366 3737 1566 3801 globum
1603 3738 1744 3785 unius
1782 3752 1899 3786 suae
1939 3737 2035 3787 diei
2082 3738 2242 3800 spatio
2283 3738 2564 3799 agminatim

321 3819 666 3875 pervagantur,
705 3828 816 3876 pars
854 3813 1076 3876 pedibus,
1116 3814 1293 3874 quibus
1329 3810 1608 3873 longissime
1635 3809 1844 3859 camelos
1871 3816 2061 3858 nostros
2087 3815 2413 3873 praevertunt,
2451 3824 2563 3872 pars
2616 3792 2637 3902 ἑ

321 3885 521 3953 penniS,
577 3899 690 3950 pars
725 3887 934 3936 navibus
971 3887 1211 3949 fugientes
1248 3899 1402 3948 aquas
1441 3888 1802 3946 consectantur,
1854 3888 1939 3933 aut
1975 3885 2017 3932 si
2053 3896 2188 3932 mora
2232 3881 2562 3946 plusculorum
2618 3903 2631 3964 ,ΐ-
