2652 4088
463 161 611 210 Notae
631 161 674 208 J.
696 159 881 219 Kepleri
909 159 957 206 in
977 159 1164 209 Librum
1183 158 1417 207 Plutarchi
1439 157 1494 204 de
1514 157 1651 203 Facie
1671 157 1719 203 in
1739 155 1856 202 Orbe
1875 155 2048 203 Lunae.
2275 153 2380 213 105

129 312 214 359 mis
243 312 432 371 pariete,
462 311 636 368 fiatque
667 309 891 365 distincta,
921 308 1010 354 hoc
1039 314 1111 354 est
1140 309 1368 368 punctalis
1399 307 1577 367 pictura
1596 311 1868 365 punctorum
1896 305 1963 351 rei
1983 305 2123 353 visae.
2175 305 2226 351 Si
2245 313 2383 351 causa

129 378 295 425 fuisset
323 379 371 423 in
400 377 586 422 intimae
614 374 845 422 facultatis
867 373 1061 419 visoriae
1080 375 1403 430 imbecillitate,
1432 373 1740 432 perspicillum
1769 371 1895 417 illam
1927 373 2024 419 solo
2055 373 2146 419 situ
2166 378 2382 419 extraneo

127 458 220 489 non
266 448 425 500 posset
462 447 773 488 momentanee
811 438 1077 496 fortificare,
1117 441 1183 487 sic
1219 447 1271 488 ut
1309 454 1362 486 οο
1401 442 1572 497 rejecto
1612 440 1770 487 oculus
1811 441 1966 485 statim
2005 439 2284 486 relaberetur
2324 441 2383 487 ad

128 510 365 567 pristinam
394 521 505 554 suae
536 507 767 553 facultatis
797 506 989 550 visoriae
1019 506 1390 554 imbecillitatem.
1431 507 1519 551 Est
1551 512 1596 551 et
1617 506 1704 551 alia
1727 505 2035 563 comprobatio
2055 506 2193 562 huJus
2214 518 2382 551 causae

130 577 324 633 opticae‚
353 576 498 633 petita
528 588 584 621 ex
613 574 704 620 hoc
734 573 1057 630 experiment0‚
1090 575 1213 630 quod
1242 574 1391 630 iidem,
1424 574 1501 630 qui
1529 587 1620 618 non
1650 573 1806 618 vident
1824 571 2026 618 maculas
2054 572 2101 617 in
2121 573 2254 617 Luna
2283 572 2384 618 visu

65 654 71 657 ⁴
129 642 351 700 simplici,
380 655 471 686 non
501 641 658 686 vident
688 640 823 685 etiam
854 636 943 682 8118
974 639 1168 684 obscura
1196 645 1385 696 propter
1416 639 1608 685 candida
1638 639 1864 696 apposita,
1894 650 1979 682 nec
2010 637 2099 682 cito
2131 643 2384 693 agnoscunt

129 708 273 753 facies
313 707 544 752 hominum
586 719 689 750 cum
731 703 972 751 collaribus
1003 706 1155 750 densis
1187 718 1212 750 e
1243 706 1432 751 sindone
1463 705 1680 751 candida:
1722 704 1828 761 quia
1866 703 2075 748 nimirum
2113 703 2232 747 idem
2273 701 2385 748 facit

127 774 253 819 color
272 773 491 819 candidus
522 772 641 817 circa
668 771 830 817 faciem
858 782 949 814 non
979 770 1229 828 candidam,
1262 772 1384 828 quod
1403 772 1450 815 in
1469 771 1603 816 Luna
1633 772 1786 816 lumen
1817 769 1936 815 circa
1956 767 2170 814 maculas
2219 767 2383 824 Quem-

127 839 369 884 admodum
406 839 543 893 igitur
579 837 719 882 facies
759 836 889 882 fusca
932 841 1120 893 propter
1157 837 1411 882 hoc'visus
1449 837 1660 882 accidens
1706 849 1798 881 non
1840 836 1942 881 ideo
1985 840 2056 881 est
2093 848 2216 880 mera
2246 849 2384 892 appa-

125 906 291 962 rentia,
337 904 416 950 sed
449 905 630 949 omnino
660 903 784 948 reale
814 902 947 960 quid,
988 902 1054 948 sic
1083 902 1218 947 etiam
1247 902 1454 948 maculae
1485 902 1644 947 Lunae
1682 914 1765 958 per
1795 913 1843 946 se
1875 905 1980 946 sunt
2009 899 2200 957 aliquid,
2243 901 2328 945 etsi
2357 913 2385 945 a

124 972 227 1016 visu
255 969 467 1016 imbecilli
497 983 589 1015 non
620 969 847 1014 videntur.
911 969 1000 1014 Sed
1029 973 1308 1014 revertamur
1338 968 1395 1012 ad
1427 972 1706 1013 contextum.

301 1037 340 1082 6.
374 1037 493 1092 (ὥστε
536 1037 822 1092 διατυπωσιν).
905 1037 1111 1090 Keplerus
1152 1038 1391 1090 praemissis
1437 1036 1653 1076 Plutarchi
1694 1038 1832 1076 verbis
1876 1036 1981 1076 haec
2021 1033 2268 1085 marginalia
2305 1035 2382 1074 ad-

126 1105 316 1156 scripsit:
365 1102 411 1159 1)
444 1101 561 1158 Quia
590 1100 706 1145 1111111
735 1100 829 1145 1810
864 1101 911 1145 111
944 1102 1049 1147 Sole
1091 1101 1176 1146 81111
1216 1100 1339 1146 visus
1379 1101 1662 1158 imaginetur.
1722 1101 1776 1156 2)
1805 1099 1922 1155 Quia
1961 1099 2246 1156 potissimum
2285 1098 2384 1144 visu

125 1169 247 1214 forti.
305 1168 356 1226 3)
389 1168 505 1224 Quia
534 1181 626 1213 non
657 1167 703 1212 111
736 1172 837 1212 1010
868 1169 1027 1212 Lunae
1058 1167 1194 1214 disco,
1255 1167 1386 1213 Adde
1415 1167 1465 1223 4]
1496 1167 1602 1224 quia
1633 1166 1838 1211 omnibus
1869 1164 2142 1219 hominibus,
2176 1164 2253 1222 qui
2282 1164 2382 1210 illas

125 1239 392 1293 agnoscunt,
424 1234 581 1281 eadem
611 1234 759 1290 figura
790 1238 1047 1288 occurrunt,
1079 1238 1124 1278 et
1154 1233 1197 1291 5)
1231 1233 1337 1290 quia
1367 1246 1546 1290 semper
1575 1231 1775 1278 eaedem.

225 1341 227 1343 ,
300 1304 342 1347 7.
375 1300 476 1355 ὄψις
504 1315 595 1345 11011
625 1299 720 1351 ἶτυς,

297 1367 342 1414 8.
374 1367 491 1423 Quia
529 1366 733 1411 maculae
763 1365 921 1410 Lunae
960 1364 1089 1410 fusae
1128 1370 1234 1410 sunt
1262 1378 1345 1422 per
1383 1378 1594 1423 magnam
1635 1364 1921 1410 latitudinem
1958 1363 2161 1421 corporis
2198 1363 2383 1420 lunaris,

59 1451 69 1459 -
125 1437 176 1478 ut
204 1431 393 1477 reflexio
426 1445 454 1476 a
484 1432 672 1489 speculo
703 1431 913 1489 globoso,
953 1431 1265 1490 magnitudine
1294 1433 1466 1489 Lunae,
1497 1433 1544 1477 in
1573 1432 1757 1477 minima
1785 1428 2011 1488 particula
2041 1429 2297 1487 superficiei
2326 1429 2385 1475 ad

125 1497 311 1556 globum
341 1499 509 1544 Terrae
539 1498 685 1545 fieret.

298 1564 340 1610 9.
372 1564 469 1609 11110
501 1577 593 1609 11011
623 1564 796 1621 puncti,
827 1566 908 1611 sed
940 1564 1132 1610 duorum
1164 1565 1343 1611 circiter
1373 1565 1592 1621 graduum
1622 1565 1977 1622 magnitudinem
2007 1564 2163 1609 habet.

295 1630 372 1676 10.
402 1631 520 1687 Quia
550 1631 681 1676 stoici
709 1631 885 1676 Lunam
916 1632 1046 1677 deam
1074 1632 1270 1677 faciunt:
1303 1633 1529 1688 quomodo
1561 1633 1699 1689 igitur
1729 1633 1935 1678 informis
1966 1631 2198 1677 mixtura?

297 1696 367 1740 11.
399 1697 500 1742 Hoc
531 1697 570 1741 si
600 1709 754 1740 verum
786 1696 1050 1753 simpliciter
1080 1708 1216 1755 esset,
1249 1698 1422 1743 nullum
1444 1700 1709 1757 crepuscula
1730 1699 1969 1745 terminum
1991 1699 2214 1744 haberent
2224 1714 2236 1756 3
2270 1709 2384 1743 sem-

124 1775 207 1821 per
236 1761 354 1808 enim
384 1762 538 1819 aliqua
567 1776 674 1820 pars
706 1762 838 1819 aeris,
867 1763 988 1808 circa
1017 1764 1204 1810 Terram
1234 1765 1281 1809 in
1313 1766 1466 1810 orbem
1499 1765 1773 1825 circumfusi,
1808 1766 2079 1812 occultatur.

303 1830 373 1877 12.
402 1831 559 1876 Motus
590 1831 795 1888 gravium
825 1843 916 1875 non
948 1837 1019 1876 est
1050 1832 1108 1876 ad
1138 1831 1334 1876 medium
1364 1832 1531 1876 mundi.
1570 1832 1783 1882 Absurda
1805 1832 2145 1890 consequentia,
2168 1831 2206 1877 si
2227 1831 2383 1887 gravia

56 1896 64 1899 ’
125 1896 330 1942 ferantur
358 1897 482 1943 velut
513 1898 570 1943 ad
601 1903 832 1956 punctum,
865 1911 983 1954 quae
1015 1898 1212 1943 absurda
1241 1912 1332 1943 non
1365 1904 1486 1956 811111,
1519 1899 1557 1944 81
1589 1898 1794 1945 ferantur
1825 1900 1949 1946 velut
1976 1900 2034 1945 ad
2065 1899 2265 1945 Terram.

300 1965 371 2011 13.
403 1965 694 2021 Hipparchus
724 1965 950 2010 interdum
982 1965 1040 2010 ad
1063 1966 1118 2010 83
1142 1965 1497 2011 semidiametros
1529 1965 1697 2011 Terrae
1729 1979 1827 2011 eam
1859 1966 2030 2021 elevat,
2061 1964 2301 2021 interdum,
2335 1976 2385 2009 se

124 2029 368 2088 corrigens,
402 2031 460 2075 ad
491 2032 591 2090 723.
641 2032 927 2077 Ptolemaeus
961 2037 1006 2077 et
1036 2045 1139 2076 cum
1171 2045 1224 2077 eo
1249 2032 1524 2089 Copernicus
1558 2038 1603 2076 et
1623 2032 1895 2078 Prutenicae
1925 2033 1973 2076 in
2004 2031 2178 2088 copulis
2203 2029 2385 2087 quidem

128 2097 337 2142 tribuunt
367 2098 407 2141 ei
439 2099 540 2156 6413,
571 2099 618 2143 in
649 2097 832 2155 quadris
863 2109 968 2141 vero
1001 2098 1127 2155 5333.
1189 2099 1394 2154 Apparet
1422 2098 1574 2155 igitur‚
1608 2098 1839 2143 exstitisse
1869 2103 1979 2143 tunc
2010 2097 2122 2142 alios
2155 2102 2259 2141 ante
2279 2096 2384 2140 Pto-

126 2161 348 2208 lemaeum
378 2170 677 2220 astronomos,
710 2176 814 2208 nam
845 2163 1005 2219 Operis
1026 2164 1180 2219 Magni
1210 2162 1461 2209 Ptolemaei
1492 2165 1628 2209 editio
1659 2165 1883 2210 recentior
1915 2169 1984 2210 est
2013 2164 2093 2209 illo
2124 2163 2291 2208 libello.
2321 2163 2385 2207 Et

66 2247 73 2253 ·
124 2234 247 2281 nota,
277 2228 380 2273 illos
412 2229 530 2274 Solis
561 2230 802 2276 distantiae
833 2230 1048 2276 tribuisse
1079 2231 1435 2276 semidiametros
1467 2231 1636 2276 Terrae
1666 2232 1825 2289 10074.

307 2296 381 2342 14.
413 2311 530 2355 ψυχῃ
559 2303 640 2342 8111
671 2297 801 2356 (imp,
833 2303 913 2342 aut
944 2297 1032 2342 alio
1064 2298 1225 2342 simili‘?

302 2363 370 2407 15.
401 2362 476 2406 Ex
506 2364 735 2408 sententia
765 2364 1023 2419 stoicorum,
1055 2369 1213 2409 0011118
1243 2378 1358 2421 quos
1391 2364 1609 2421 disputat.
2089 2413 2094 2419 ,

296 2427 370 2473 16.
402 2428 519 2483 Quia
548 2429 742 2473 mundus
774 2429 996 2475 amicitiae
1025 2429 1217 2475 vinculis
1257 2430 1557 2487 compositus,
1597 2443 1688 2476 non
1729 2431 1966 2476 momentis
2006 2444 2156 2477 rerum
2186 2429 2383 2487 singula-

126 2505 227 2538 rum
255 2495 553 2549 naturalibus,
587 2497 717 2552 quasi
746 2496 837 2540 lite.
1392 2520 1396 2524 ·

301 2562 369 2606 17.
399 2562 530 2608 Hanc
559 2563 795 2620 rationem,
828 2576 918 2619 qua
949 2562 1209 2608 dominante
1242 2563 1392 2608 sidera
1424 2563 1602 2619 singula
1632 2563 1830 2608 errantia
1851 2563 1898 2608 in
1918 2562 1997 2607 illa
2016 2562 2132 2618 loca,
2165 2575 2280 2619 quae
2303 2560 2383 2607 ob-

38 2679 40 2682 ,
125 2623 284 2680 tinent,
316 2626 610 2686 devenerunt,
645 2642 729 2685 ego
758 2642 830 2674 me
851 2640 985 2686 spero
1010 2630 1236 2675 detexisse
1256 2630 1304 2675 in
1325 2630 1545 2687 Mysterio
1570 2629 1965 2686 Cosmographico,
2000 2629 2122 2685 quod
2144 2642 2245 2673 cum
2266 2628 2384 2673 Har-

124 2692 310 2738 monicis
340 2707 550 2739 recusum
583 2701 654 2740 est
683 2692 975 2741 Francofurti
1007 2709 1126 2740 anno
1163 2696 1293 2752 16193
1328 2696 1430 2740 vide
1462 2701 1508 2740 et
1538 2696 1664 2752 Epit.
1697 2696 1954 2740 Astronom.
1990 2695 2339 2752 Copernicanae.

300 2760 368 2805 18.
402 2761 586 2817 Lucius,
618 2762 953 2818 AristotelicuS,
987 2762 1262 2819 colloquium
1286 2762 1485 2807 traducit
1506 2775 1533 2806 a
1557 2763 1771 2807 materiae
1802 2762 1973 2806 lunaris
2006 2761 2387 2818 contemplatione

127 2824 187 2871 ad
217 2824 316 2881 eJ'us
347 2825 736 2884 illuminationem,
767 2833 1080 2884 argumentum
1113 2828 1247 2872 etiam
1270 2827 1327 2872 ab
1349 2827 1435 2872 hac
1468 2828 1639 2874 ducens
1671 2828 1728 2873 ad
1761 2827 2157 2874 demonstrandam
2179 2827 2385 2873 substan-

125 2889 234 2935 tiam
263 2891 364 2948 ejus
394 2891 705 2948 imperfectam
736 2898 783 2938 et
814 2894 994 2939 omnino
1025 2900 1234 2941 terream.

303 2956 376 3002 19.
403 2957 503 3002 Hoc
534 2958 666 3004 dicit:
699 2958 747 3004 Si
776 2959 908 3005 Luna
939 2965 985 3003 et
1015 2959 1297 3005 dichotomos
1330 2966 1400 3006 est
1429 2966 1475 3006 et
1504 2962 1551 3006 in
1581 2960 1728 3006 medio
1761 2959 1889 3018 coeli,
1922 2973 2110 3006 necesse
2143 2964 2213 3005 est
2235 2959 2385 3005 Solem

130 3021 179 3068 111
207 3022 440 3068 horizonte
471 3036 584 3069 0880.
643 3025 829 3070 Falsum
860 3024 946 3069 hoc
978 3026 1128 3071 sciunt
1157 3027 1418 3077 astronomi,
1452 3031 1770 3082 praeterquam
1801 3026 1847 3070 in
1879 3026 2075 3083 sphaera
2103 3031 2244 3071 recta.
2296 3026 2384 3071 Sed

126 3087 260 3134 facile
290 3094 442 3147 potest
467 3091 630 3147 juvari,
663 3092 701 3136 81
731 3091 926 3136 medium
959 3090 1074 3135 coeli
1104 3105 1194 3136 non
1225 3091 1497 3136 meridianus
1529 3093 1723 3138 circulus
1754 3105 1834 3149 per
1865 3106 1915 3139 80
1938 3093 2157 3150 designet,
2190 3092 2270 3137 sed
2301 3093 2385 3137 cir-

127 3152 255 3199 culus
285 3155 512 3200 verticalis
546 3157 604 3201 ad
635 3156 886 3215 eclipticam
916 3162 1079 3202 rectus.

299 3221 371 3266 20.
403 3221 450 3267 Si
480 3222 610 3267 Luna
641 3228 722 3268 aut
748 3223 934 3280 planum
966 3222 1199 3279 speculum
1232 3230 1368 3279 esset,
1401 3228 1557 3269 centro
1579 3223 1747 3267 Terrae
1768 3229 1890 3268 recte
1913 3223 2153 3280 objectum,
2186 3230 2264 3269 aut
2285 3224 2382 3270 solo

125 3283 203 3332 illo
233 3293 402 3344 puncto
433 3286 581 3332 lucem
614 3289 732 3341 Solis
762 3292 1093 3344 repercuteret,
1129 3288 1249 3345 quod
1281 3288 1490 3346 designat
1520 3295 1643 3333 recta
1676 3303 1732 3334 ex
1764 3297 1916 3335 centro
1950 3290 2070 3348 globi
2100 3291 2146 3335 in
2177 3297 2383 3337 nostrum

125 3351 282 3407 visum,
314 3358 392 3397 aut
423 3353 556 3397 etiam
589 3353 688 3398 aliis
718 3355 915 3411 punctis,
947 3358 1027 3399 sed
1057 3355 1101 3398 in
1135 3355 1231 3398 solo
1265 3354 1434 3400 circulo
1466 3355 1806 3401 illuminationis
1827 3357 1945 3401 sitis:
1979 3362 2085 3402 tunc
2116 3360 2383 3415 procederet

126 3416 318 3474 obJ‘ectio
349 3417 508 3473 Syllae.
572 3420 633 3462 At
664 3418 796 3464 Luna
826 3433 852 3463 a
883 3419 1167 3476 disputatore
1197 3420 1380 3476 ponitur
1410 3433 1510 3465 esse
1554 3420 1788 3476 speculum
1819 3420 2125 3480 sphaericum3
2165 3423 2244 3467 illa
2274 3438 2380 3470 vero

129 3483 334 3528 omnibus
374 3483 630 3539 superficiei
669 3484 851 3541 punctis
893 3483 1045 3528 radios
1078 3485 1194 3530 Solis
1235 3484 1431 3542 allapsos
1463 3486 1782 3542 repercutiunt.
1842 3489 1910 3533 De
1941 3487 2010 3534 his
2042 3500 2149 3544 ergo
2181 3491 2379 3547 speculis

126 3559 282 3592 verum
314 3554 398 3603 est,
428 3548 600 3593 nullum
633 3550 813 3593 omnino
845 3560 947 3593 esse
977 3549 1151 3595 visibile
1181 3550 1471 3595 circumcirca
1492 3551 1631 3607 (quod
1663 3551 1839 3608 quidem
1862 3566 1951 3598 non
1982 3554 2125 3600 lateat
2144 3561 2249 3612 post
2279 3570 2381 3615 spe-

128 3611 316 3668 culum),
360 3612 431 3657 cui
473 3612 519 3657 in
551 3613 884 3670 hemisphaerio
917 3615 1111 3672 speculi,
1160 3615 1279 3670 quod
1312 3628 1468 3660 versus
1501 3617 1679 3661 oculum
1714 3625 1804 3671 est,
1843 3632 1933 3664 non
1972 3622 2119 3678 possit
2158 3624 2381 3680 assignari

127 3685 342 3735 punctum
380 3679 608 3725 radiorum
649 3694 831 3725 suorum
871 3679 1130 3726 reflexionis
1171 3680 1228 3725 ad
1268 3681 1446 3727 oculum
1488 3685 1757 3740 spectantis,
1800 3689 1851 3729 ut
1878 3691 2030 3731 tamen
2070 3689 2282 3746 aequales
2314 3691 2379 3734 in-

129 3744 259 3790 terim
288 3751 505 3790 maneant
543 3746 697 3802 anguli
735 3745 963 3791 radiorum
992 3747 1264 3793 incidentiae
1295 3755 1340 3792 et
1369 3747 1640 3794 reflexioniS.
1694 3751 1851 3797 Potius
1885 3765 1991 3810 ergo
2023 3753 2380 3805 sicinfor'maret

128 3817 437 3868 argumentum
468 3824 599 3857 suum
628 3811 933 3858 adversarius:
974 3812 1013 3859 si
1042 3813 1174 3859 Luna
1212 3819 1523 3871 repercuteret
1554 3814 1669 3861 Solis
1702 3817 1851 3862 radios
1884 3817 1931 3863 111
1963 3819 2148 3866 Terram
2178 3822 2378 3881 proprie-
