2652 4088
871 156 1138 229 hobitum
1169 156 1224 202 D.
1256 144 1484 214 Tychonis
1513 156 1682 203 Brahe.

491 312 600 361 Non
638 321 779 358 secus
818 311 1059 356 astrorum
1097 312 1170 356 tot
1204 307 1306 370 jam
1346 296 1569 370 qu'aesita
1607 320 1693 371 per
1731 319 1885 355 annos

636 382 825 430 Notitia
861 385 910 428 et
947 379 1117 429 celeris
1154 380 1334 428 mobile
1371 383 1548 430 mentis
1586 394 1727 445 opus.

498 454 641 518 Quod
677 455 838 502 visum
876 450 1056 502 Uranie
1094 453 1244 501 fertur
1279 454 1455 520 mirata
1492 453 1582 502 sub
1621 453 1779 514 astriS,

638 526 875 591 Exemplo
915 540 1088 574 sensus
1127 526 1466 590 obstupefacta
1502 527 1606 588 sui3

491 601 605 650 Heu
641 599 760 648 mihi
796 613 893 648 non
931 600 1091 663 potuit
1127 604 1263 647 motu
1301 614 1554 663 superesse
1595 598 1793 659 cerebri,

638 674 740 722 Nec
777 675 870 720 nisi
908 674 1204 737 praegressis
1243 674 1470 721 sensibus
1509 675 1575 721 ire
1615 673 1802 722 comes!

495 747 693 797 Scilicet
729 748 837 811 ipsa
874 747 1020 794 etiam
1060 745 1306 808 quondam
1344 746 1548 810 pulchra
1586 751 1717 794 astra
1754 742 1994 809 peribunt,

636 820 699 867 Et
736 834 813 868 res
850 818 1104 868 instabiles
1143 819 1276 867 fluxa
1312 819 1474 882 sigilla
1512 819 1699 868 decent.

494 891 691 942 Scilicet
730 893 956 955 exiguum
997 898 1071 941 est
1109 898 1157 941 et
1194 898 1336 940 vasto
1375 907 1434 940 ex
1472 906 1683 954 aequore
1720 894 1860 954 gutta

640 963 889 1028 Quidquid
927 964 1146 1014 Sideriae
1185 965 1245 1014 de
1283 965 1470 1013 ratione
1508 970 1661 1014 teneS.

494 1035 657 1100 thue
697 1038 818 1086 bibit
855 1039 985 1086 floris
1022 1037 1107 1086 lux
1144 1036 1375 1086 irradiata
1414 1037 1638 1098 colorem,

637 1110 752 1174 Ipsa
790 1111 885 1160 sibi
923 1110 1085 1159 nullus
1126 1110 1184 1160 de
1223 1110 1496 1159 Phaetonte
1536 1110 1682 1170 color,

494 1183 604 1232 Non
642 1183 797 1245 aliter,
837 1184 962 1233 viles
1002 1199 1148 1233 sensu
1185 1189 1485 1233 monstrante
1522 1183 1720 1247 figurae,

637 1256 778 1305 Mens
816 1257 1040 1317 hominia
1084 1272 1246 1306 crasso
1287 1271 1487 1321 corpore
1525 1271 1696 1316 mersa,
1737 1253 1888 1304 videt.

494 1329 595 1379 Aut
631 1335 790 1391 tenue,
833 1337 919 1378 aut
955 1330 1077 1378 nihil
1115 1337 1189 1379 est
1226 1332 1414 1395 species
1454 1336 1539 1379 aut
1576 1330 1799 1394 proxima
1837 1342 1969 1389 vem,

639 1403 738 1451 Aut
776 1418 887 1467 pars
926 1405 975 1450 in
1011 1409 1239 1468 promptu
1279 1409 1366 1463 est,
1405 1418 1518 1467 pars
1559 1403 1794 1466 adoperta
1830 1400 1965 1463 latet,

496 1477 703 1524 Divinos
742 1490 863 1540 puro
903 1476 1058 1525 donec
1096 1476 1155 1525 de
1193 1477 1326 1525 fonte
1363 1476 1579 1539 liquores

643 1550 867 1614 Corporis
906 1564 932 1598 e
971 1549 1146 1598 vinclis
1183 1555 1338 1598 morte
1378 1550 1540 1598 soluta
1580 1541 1724 1613 capit.

496 1623 605 1672 Non
645 1624 790 1685 igitur
829 1624 971 1672 miser
1010 1629 1097 1684 est,
1136 1623 1366 1687 lacrymis
1403 1638 1499 1671 non
1540 1629 1682 1687 aptus
1722 1620 1925 1680 acerbiS,

640 1695 837 1745 Solatur
875 1696 1073 1745 Domini
1114 1711 1258 1758 quem
1298 1696 1444 1745 modo
1486 1695 1667 1746 blanda
1704 1709 1891 1755 manuS,

497 1766 714 1819 oblitum
751 1770 948 1831 levium,
988 1771 1150 1834 capiat
1188 1784 1285 1833 quo
1322 1771 1537 1818 maxima
1574 1784 1747 1831 rerum,

639 1842 754 1892 Jam
793 1858 1001 1893 vacuum
1041 1845 1182 1903 curis,
1221 1844 1442 1907 improba
1480 1845 1598 1904 vita,
1637 1845 1750 1891 tuis.

495 1916 604 1965 Non
643 1922 855 1980 poteras,
894 1916 1096 1977 lethum,
1137 1916 1387 1981 pulchram
1425 1922 1732 1981 praevertere
1771 1914 1998 1980 palmam,

640 1989 759 2039 Arte
796 1990 1093 2054 triumphata
1129 1990 1466 2053 sideribusque
1505 1992 1662 2039 venis.

494 2061 604 2111 Non
642 2069 837 2127 poteras
874 2065 1068 2127 penitus
1110 2062 1378 2112 doctrinam
1417 2065 1698 2126 extinguere
1735 2062 1924 2122 mentiS,

634 2135 793 2198 Quam
831 2138 1015 2200 spargit
1054 2141 1158 2184 toto
1197 2137 1434 2200 plurimus
1474 2138 1589 2186 orbe
1625 2136 1765 2196 liber,

494 2205 665 2257 Audiit
701 2209 815 2257 hinc
852 2211 998 2258 vivus
1035 2224 1240 2272 magnas
1278 2225 1470 2274 paeana
1508 2225 1592 2274 per
1631 2210 1791 2271 urbae,

638 2282 903 2331 Posteritas
944 2283 1099 2331 omnis
1138 2297 1281 2346 quem
1319 2283 1444 2332 bene
1482 2288 1622 2346 grata
1660 2288 1815 2332 canet.

497 2352 727 2403 Gratulor
763 2355 890 2404 hanc
927 2358 1098 2405 merito
1137 2363 1330 2417 sortem,
1371 2355 1458 2406 sed
1498 2371 1647 2405 causa
1686 2355 1866 2405 doloris

635 2428 744 2476 Non
781 2428 906 2478 levis
946 2445 976 2478 a
1013 2435 1179 2478 nostra
1217 2444 1345 2478 nunc
1380 2430 1500 2478 mihi
1538 2435 1674 2494 parte
1713 2432 1863 2479 venit.

490 2500 599 2549 Non
637 2517 746 2550 mea
784 2508 884 2550 tam
922 2502 1100 2565 longae
1135 2503 1336 2567 jungam
1375 2505 1584 2569 suspiria
1619 2501 1869 2567 pompae?

635 2574 781 2623 Mene
818 2576 1023 2625 hilarem
1056 2577 1231 2639 jubeat
1269 2577 1491 2640 publicus
1533 2591 1639 2626 esse
1679 2575 1855 2625 dolor?

490 2649 616 2697 Nam
657 2647 810 2696 veluti
848 2651 890 2697 si
928 2664 1027 2712 qua
1063 2651 1405 2711 stagnantibus
1442 2649 1611 2699 incidit
1647 2649 1790 2699 undis

633 2721 900 2785 Scrupulus
939 2728 988 2771 et
1025 2722 1225 2771 fluctum
1263 2725 1414 2772 motio
1454 2727 1610 2787 prima
1648 2723 1795 2784 dedit,

491 2793 643 2843 Addit
681 2809 733 2844 se
772 2797 821 2843 in
859 2797 1070 2859 spatium
1109 2798 1335 2859 viresque
1375 2798 1584 2860 acquirit
1622 2797 1781 2846 eundo

640 2867 862 2916 Circulus
901 2875 1051 2931 atque
1090 2871 1219 2917 omni
1258 2869 1423 2919 littora
1459 2875 1596 2934 parte
1635 2870 1769 2932 ferit3

489 2940 598 2989 Non
637 2940 778 2990 aliter
817 2943 901 3004 qui
934 2942 1038 3005 jam
1078 2942 1313 3006 Pragensi
1350 2957 1541 2992 moeror
1578 2945 1641 2993 ab
1681 2943 1799 2992 urbe

630 3014 857 3063 Nascitur
895 3017 998 3064 eois
1038 3015 1350 3080 occiduisque
1388 3017 1563 3081 plagiS‚

491 3086 662 3147 Regna
700 3102 784 3151 per
824 3094 871 3137 et
908 3093 1077 3151 gentes
1114 3091 1271 3152 magis
1310 3105 1368 3139 ac
1405 3093 1562 3152 magis
1600 3091 1785 3138 auctior
1824 3100 1984 3137 errans

634 3159 903 3210 Conturbat
941 3167 1143 3223 vestras,
1183 3163 1364 3212 Auster
1400 3169 1447 3212 et
1486 3164 1628 3224 Eure,
1669 3162 1855 3211 domos,

489 3232 652 3282 Dania
690 3237 966 3298 cumprimis
1006 3235 1283 3285 Brahaeum
1323 3238 1480 3300 patria
1517 3236 1690 3300 plorat,

632 3305 845 3369 Jamque
883 3323 1026 3357 suum
1065 3308 1313 3358 Atlantem
1352 3324 1448 3357 non
1487 3310 1667 3358 abiisse
1707 3308 1842 3357 velit.

490 3376 793 3442 Illustrisque
834 3380 1006 3430 domus
1045 3381 1264 3430 columen
1307 3382 1547 3431 Brahaeia
1582 3383 1732 3445 regni,

636 3450 878 3502 Occubitu
916 3454 1044 3503 Solis
1083 3454 1263 3503 lumine
1303 3468 1445 3503 cassa
1483 3455 1574 3513 sui,

491 3522 652 3585 Luget
691 3532 739 3574 et
776 3525 838 3574 ad
876 3527 1060 3577 luctum
1099 3529 1259 3576 socios
1300 3533 1445 3575 vocat
1484 3525 1650 3575 ordine
1687 3524 1858 3586 Billos,

634 3596 842 3658 Rudros,
882 3599 1182 3649 Rantzovios
1221 3599 1519 3663 pulchraque
1557 3605 1687 3647 serta
1726 3598 1903 3647 Rosae.

494 3666 709 3718 Stemma
747 3670 851 3719 Viri
888 3673 1078 3735 fulgens
1117 3686 1316 3735 regnum
1355 3673 1449 3720 sibi
1488 3672 1703 3720 vindicat
1740 3686 1905 3733 unum,

633 3741 915 3793 Doctrinam
955 3751 1152 3795 censent
1190 3746 1353 3793 omnia
1390 3758 1540 3807 regna
1576 3758 1730 3792 suam.

492 3812 646 3862 Fama
684 3814 1003 3866 Caledoniam
1040 3818 1185 3880 longe
1225 3817 1437 3866 tranabit
1475 3818 1522 3863 in
1561 3817 1724 3866 orbem

637 3886 885 3952 Signaque
922 3893 1170 3952 moeroris,
1208 3889 1314 3941 Rex
1350 3889 1560 3952 Jacobe,
1600 3889 1755 3952 dabis,

2297 150 2401 209 139
