2652 4088
324 147 429 206 116
615 135 631 151 ⁸
1217 143 1365 191 Notae
1393 143 1436 190 J.
1467 142 1656 202 Kepleri

324 293 582 349 obumbrat,
624 296 668 337 et
699 292 765 337 sic
795 303 959 349 corpus
991 290 1251 335 continuum
1282 303 1375 335 non
1415 295 1509 342 est,
1553 288 1787 347 speculum
1826 300 1932 333 vero
1964 287 2260 333 continuitate
2297 288 2494 346 partium
2522 289 2570 334 in

324 358 480 404 eadem
509 358 630 402 linea
660 357 886 402 definitur.
946 356 1095 410 Dicas,
1129 362 1281 413 guttas
1314 355 1514 411 singulas
1555 368 1656 400 esse
1699 353 1875 410 singula
1906 353 2120 410 specula?
2170 354 2339 398 Verum
2370 353 2457 398 hoc
2488 359 2573 400 est.

323 425 384 469 At
415 429 465 468 ut
495 435 549 466 ea
578 422 730 468 radios
763 436 1058 480 quoscunque
1089 421 1327 479 superficie
1358 434 1442 465 sua
1474 420 1687 465 exteriori
1717 425 1769 464 ut
1799 418 1984 475 specula
2013 418 2341 475 repercutiant,
2388 418 2446 463 ad
2482 419 2571 463 hoc

322 490 471 534 nullus
504 494 654 534 certus
686 488 865 533 illorum
896 487 1140 544 requiritur
1171 486 1284 531 situs
1315 488 1525 542 respectu
1547 485 1679 541 Solis,
1714 485 1882 541 quippe
1913 498 2014 529 cum
2046 485 2136 530 sint
2156 497 2346 541 corpora
2365 483 2573 529 rotunda.

320 556 471 601 Locus
508 568 614 599 vero
656 554 882 600 secundae
924 554 1050 599 iridis
1082 558 1254 598 certum
1290 552 1479 608 requirit
1517 551 1653 595 situm
1693 555 1905 606 respectu
1938 549 2070 595 Solis.
2129 550 2233 594 Non
2262 549 2399 606 igitur
2427 549 2572 593 nubes

262 611 265 614 ’
323 621 483 667 iridem
513 621 784 674 interiorem,
816 635 872 665 ne
902 627 1135 676 guttarum
1166 619 1346 676 quidem
1370 633 1552 664 suarum
1573 619 1858 664 multitudine
1879 615 2138 677 repercutit.
2186 615 2234 660 Si
2251 615 2443 672 quaeris,
2466 612 2575 671 quid

323 693 478 744 guttae
508 692 741 743 praestent
770 688 1108 744 repercussibus
1145 687 1452 744 specularibus
1473 686 1762 744 promiscuis,
1795 687 1961 730 nubem
1983 683 2134 741 aspice
2154 682 2271 726 intra
2292 681 2576 738 complexum

322 752 472 808 iridis3
505 757 647 796 totam
680 753 1009 810 quodammodo
1032 753 1204 799 videbis
1226 754 1435 811 albicare,
1467 753 1573 810 quia
1596 751 1864 810 sphaerulae
1897 764 2049 796 omnes
2075 749 2352 806 (anteriores,
2383 747 2574 792 necdum

325 817 639 875 obumbratae)
668 820 975 876 repercutiunt
1007 819 1121 865 Solis
1152 820 1306 865 radios
1339 819 1397 864 ad
1427 819 1594 873 visum,
1634 824 1728 862 tam
1766 819 1874 863 foris
1908 829 2108 862 convexa
2140 813 2398 871 superficie,
2442 826 2577 871 quam

324 896 434 929 cava
463 884 612 941 intus3
643 885 676 929 ii
705 891 870 941 tamen,
904 885 980 942 qui
1012 886 1379 942 repercutiuntur
1409 886 1465 930 ab
1496 885 1618 929 intus
1649 884 1706 928 ad
1738 884 1931 939 oculum,
1964 881 2166 927 nondum
2197 881 2467 932 colorantur,
2498 891 2576 922 us-

324 963 436 1006 que
446 951 553 996 dum
583 951 789 1010 guttulae
821 952 1055 1009 acquirant
1077 952 1211 997 situm
1227 952 1404 1008 justum
1424 951 1471 995 in
1502 950 1691 995 circuitu
1710 950 1849 995 iridis.
1891 949 2037 993 Extra
2067 946 2226 991 iridem
2256 945 2356 990 fieri
2385 927 2576 1000 amplius

322 1029 424 1069 non
452 1021 606 1074 potest
644 1022 697 1062 ut
730 1017 844 1062 radii
883 1018 938 1061 ab
970 1018 1258 1063 interioribus
1303 1018 1422 1062 cavis
1464 1017 1789 1074 superficiebus
1829 1016 1967 1060 semel
2007 1013 2262 1070 repercussi
2300 1012 2482 1056 veniant
2520 1009 2578 1055 ad

325 1082 527 1138 oculum,
570 1083 657 1129 nisi
688 1085 777 1130 alia
805 1085 994 1140 insuper
1024 1077 1266 1130 accesserit
1295 1085 1416 1129 intus
1458 1086 1767 1159 repercussio,
1810 1086 1932 1142 quod
1962 1081 2014 1126 fit
2053 1083 2100 1127 in
2131 1082 2219 1127 situ
2254 1081 2334 1136 11¹
2365 1076 2576 1135 gradibus

323 1148 549 1193 exteriori.
588 1150 837 1207 Propterea
857 1150 1017 1202 albedo
1038 1151 1117 1195 illa
1138 1156 1266 1196 extra
1285 1150 1443 1195 iridem
1463 1151 1654 1207 primam
1675 1165 1766 1195 non
1790 1150 2090 1207 continuatur,
2122 1161 2222 1192 cum
2252 1152 2404 1191 tamen
2434 1149 2577 1189 totam

325 1212 583 1259 interiorem
614 1221 806 1273 occupet
837 1229 1001 1261 aream.

452 1307 460 1319 ·
502 1281 571 1325 71.
605 1280 882 1338 Responsio,
928 1281 985 1326 ad
1024 1294 1179 1338 quam,
1228 1282 1377 1340 quoad
1417 1282 1700 1328 emissionem
1740 1282 1990 1335 radiorum,
2032 1280 2132 1325 dico
2165 1277 2342 1333 eadem,
2376 1289 2492 1333 quae
2522 1273 2579 1319 ad

326 1352 545 1405 quartam.
608 1349 741 1405 Quod
770 1363 876 1394 vero
910 1349 966 1393 ad
996 1349 1347 1394 imbecillitatem
1380 1349 1541 1395 caloris
1574 1363 1600 1394 a
1629 1349 1796 1393 lumine
1815 1350 1986 1405 Lunae,
2020 1347 2118 1403 ejus
2151 1358 2288 1389 causa
2319 1343 2370 1387 fit
2402 1343 2448 1386 in
2479 1343 2580 1399 ipsa

325 1413 620 1459 translatione
659 1429 686 1460 a
717 1414 821 1460 Sole
860 1416 906 1459 in
937 1415 1112 1460 Lunam
1159 1420 1205 1460 et
1245 1415 1493 1461 reflexione
1533 1414 1589 1460 ad
1619 1429 1715 1461 nos.
1774 1415 1950 1472 Estque
1990 1413 2064 1457 hic
2108 1409 2380 1456 diversitatis
2411 1406 2580 1464 aliquid

325 1478 444 1524 inter
474 1480 669 1524 calorem
700 1486 746 1526 et
774 1481 1005 1526 visionem.
1068 1481 1201 1527 Calor
1230 1481 1435 1526 omnibus
1467 1481 1608 1538 copiis
1638 1481 1819 1526 luminis
1849 1479 2110 1533 intenditur,
2141 1478 2252 1522 visio
2284 1475 2423 1520 nimia
2452 1474 2582 1523 clari-

326 1551 422 1590 tate
453 1546 588 1590 etiam
621 1546 911 1604 opprimitur,
935 1552 1178 1605 propterea
1198 1549 1243 1592 in
1267 1547 1493 1605 speculari
1521 1561 1792 1625 repercussu
1812 1547 1959 1591 minus
1980 1544 2130 1603 perdit
2151 1543 2264 1589 visio
2288 1554 2421 1599 quam
2441 1537 2582 1589 calor
2610 1554 2652 1596 J,-

505 1612 576 1660 72
609 1614 876 1670 Responsio,
909 1628 1025 1671 quae
1055 1631 1147 1661 non
1178 1614 1374 1660 sufficiet
1403 1615 1473 1672 iis,
1507 1617 1584 1672 qui
1614 1617 1790 1661 Lunam
1820 1615 1994 1659 faciunt
2026 1610 2272 1669 speculum,
2303 1608 2408 1665 quia
2437 1604 2586 1666 splen·
2619 1611 2652 1664 ξ

332 1678 454 1724 doris
484 1678 664 1724 luminis
695 1680 840 1736 major
860 1681 927 1725 vis
950 1687 1019 1726 est
1049 1682 1106 1727 ad
1136 1680 1391 1726 irradianda
1414 1681 1600 1738 specula
1629 1682 1881 1738 visumque,
1913 1691 2047 1736 quam
2080 1676 2280 1721 colorum
2303 1670 2583 1733 simplicium.

503 1746 573 1791 73.
608 1745 734 1802 Quae
764 1761 870 1792 vera
901 1760 1038 1793 causa
1068 1761 1160 1792 non
1194 1752 1274 1790 est.
1334 1747 1451 1791 Vide
1482 1748 1822 1823 responsionem
1855 1751 1950 1790 not.
1983 1745 2036 1790 71
2073 1747 2117 1787 et
2151 1743 2222 1788 67.

503 1812 575 1857 74.
612 1813 738 1858 Haec
767 1827 874 1859 vera
905 1827 1044 1859 causa
1075 1819 1161 1858 est.
1220 1813 1334 1858 Vide
1365 1814 1707 1871 responsionem
1737 1819 1829 1859 not.
1862 1813 1933 1858 66.

505 1880 575 1925 75.
608 1879 833 1935 Quorsum
876 1881 989 1926 haec
1028 1893 1117 1924 vox
1130 1879 1395 1947 referatur,
1435 1894 1528 1926 non
1557 1881 1710 1938 capio,
1754 1878 1843 1925 nisi
1873 1892 1963 1923 vox
1993 1878 2191 1933 aiebam,
2229 1873 2303 1919 hic
2345 1876 2584 1932 expuncta,

331 1943 598 1992 detrudatur
625 1945 671 1989 in
701 1947 939 2003 periodum
970 1947 1234 2005 proximam.

514 2013 587 2059 76.
618 2012 688 2057 Ad
719 2013 802 2058 has
834 2012 1112 2069 objectiones
1144 2013 1262 2057 infra
1291 2011 1586 2070 respondebit
1621 2012 1777 2058 ordine
1809 2010 2083 2056 Plutarchus
2112 2010 2225 2067 ipse.

509 2079 582 2125 77.
611 2079 769 2124 Visum
808 2085 877 2123 est
916 2078 1160 2136 aliquando
1199 2094 1282 2137 pro
1326 2082 1443 2124 λαων
1479 2079 1722 2136 legendum
1758 2085 1850 2130 λας.
1920 2078 1982 2123 Et
2019 2077 2110 2121 huc
2148 2074 2400 2120 referebam
2437 2072 2587 2118 locum

331 2143 550 2202 Diogenis
581 2144 765 2200 Laertii,
798 2144 876 2201 qui
909 2145 1113 2192 Silenum
1144 2144 1208 2190 ait
1238 2146 1289 2193 in
1309 2147 1468 2205 prima
1497 2145 1798 2192 historiarum
1828 2143 1914 2191 hoc
1944 2144 2177 2202 scripsisse
2209 2142 2263 2188 de
2283 2141 2585 2200 Anaxaqora,

332 2224 434 2257 eum
462 2211 545 2256 sub
559 2211 772 2268 principe
792 2210 980 2269 Dimylo
1012 2213 1131 2270 lapis
1161 2211 1216 2258 de
1246 2213 1369 2258 coelo
1399 2212 1643 2268 cecidisset,
1675 2213 2013 2271 Anaaeaqoram
2043 2212 2224 2262 dixisse,
2255 2209 2426 2255 coelum
2458 2221 2588 2254 omne

332 2289 388 2323 ex
418 2278 649 2335 lapidibus
680 2291 772 2323 esse
803 2279 1114 2335 compositum,
1137 2293 1208 2325 ‚ac
1239 2278 1519 2327 vehementia
1540 2280 1756 2325 circuitus
1777 2279 1991 2335 cohiberi,
2024 2278 2146 2323 alias
2175 2275 2392 2322 continuo
2412 2287 2588 2320 summa

331 2344 378 2389 vi
408 2345 603 2401 impetus
642 2344 889 2402 lapsurum.
953 2344 1034 2390 Cui
1064 2343 1203 2390 affine
1234 2349 1323 2400 est,
1368 2344 1489 2403 quod
1522 2345 1669 2390 Solem
1712 2346 1856 2391 fertur
1893 2344 2061 2390 dixisse
2101 2341 2300 2388 candens
2332 2339 2502 2385 ferrum
2533 2352 2588 2384 ac

330 2409 512 2464 penitus
555 2409 743 2465 ignitum
786 2414 831 2453 et
860 2409 1176 2467 Peloponneso
1214 2410 1454 2468 maiorem,
1499 2412 1674 2457 Lunam
1716 2412 1976 2459 habitacula
2018 2410 2064 2454 in
2096 2421 2144 2454 se
2176 2408 2343 2453 habere
2374 2413 2420 2452 et
2451 2405 2588 2451 colles
2648 2443 2652 2447 .

333 2477 379 2517 et
408 2472 573 2530 valles3
608 2479 654 2518 et
692 2474 813 2531 quod
846 2474 945 2519 aliis
978 2476 1239 2524 auctoribus
1270 2477 1498 2534 Diogenes
1540 2479 1755 2524 traditum
1796 2485 1973 2532 narrat,
2014 2477 2142 2521 illum
2173 2475 2391 2532 lapidem,
2422 2472 2500 2530 qui
2529 2469 2589 2516 ad
2638 2478 2652 2551 ιζ

335 2539 507 2596 Caprae
538 2539 711 2585 fluenta
743 2541 933 2595 decidit,
979 2543 1298 2601 Anaxagoram
1331 2555 1387 2588 ex
1419 2543 1523 2587 Sole
1557 2557 1765 2589 casurum
1794 2544 2099 2602 praedixisse,
2143 2554 2286 2598 eaque
2318 2540 2494 2584 ratione
2523 2538 2589 2583 in·
2649 2569 2652 2579 Α

333 2605 519 2651 ductum
549 2607 829 2665 Euripidem,
861 2608 1004 2666 ipsius
1040 2609 1323 2666 discipulum,
1355 2610 1400 2654 in
1433 2610 1589 2654 sabula
1610 2611 1877 2668 Phaetonte,
1910 2610 2060 2656 Solem
2090 2620 2274 2653 auream
2304 2606 2482 2663 glebam
2511 2617 2588 2660 ap·
2650 2663 2652 2668 .

331 2671 542 2729 pellasse.
601 2674 669 2718 De
710 2674 798 2718 hoc
841 2688 948 2719 casu
979 2674 1043 2719 sic
1075 2675 1229 2720 scribit
1262 2675 1530 2722 Aristoteles
1562 2676 1804 2722 Meteorol.
1832 2678 1884 2721 L.
1920 2680 1956 2723 1.
1994 2691 2031 2722 c.
2065 2678 2107 2722 7.
2171 2675 2271 2733 Quo
2310 2679 2509 2731 tempore
2537 2672 2588 2716 in
2644 2686 2652 2697 .

332 2737 680 2796 Aeqospotamis
717 2741 877 2786 cecidit
915 2743 1035 2798 lapis
1073 2755 1129 2785 ex
1168 2746 1295 2796 ae're,
1338 2755 1368 2786 a
1398 2742 1566 2798 spiritu
1595 2743 1800 2788 sublatus
1842 2743 2005 2788 recidit
2037 2747 2148 2800 post
2189 2742 2318 2786 diem.
2378 2741 2440 2782 At
2472 2748 2587 2794 quae
2643 2753 2652 2791 2.

333 2819 435 2851 cum
466 2806 631 2871 prodat
659 2807 929 2853 Aristoteles
959 2814 1174 2864 tanquam
1217 2809 1271 2853 de
1313 2821 1362 2852 re
1394 2822 1502 2853 suae
1542 2808 1704 2853 aetatis
1737 2815 1782 2852 et
1813 2808 2075 2866 memoriae,
2118 2806 2380 2862 suppeditat
2412 2804 2587 2860 conjec-
2630 2832 2652 2858 q

332 2873 492 2925 turam,
513 2885 594 2928 pro
607 2872 784 2929 Dimylo
806 2873 1047 2930 legendum
1061 2873 1257 2931 Diphilo,
1280 2875 1357 2930 qui
1378 2873 1463 2918 fuit
1484 2873 1666 2919 Archon
1688 2874 1877 2918 Athenis
1900 2873 2074 2930 Olymp.
2086 2873 2338 2919 LXXXIV
2364 2885 2482 2916 anno
2505 2870 2586 2916 111.
2643 2879 2652 2905 ε·

332 2934 387 2980 In
415 2935 744 2994 Hyperaspiste
785 2952 885 2983 meo
926 2952 1084 2983 vocem
1114 2938 1372 2984 Aristotelis
1403 2953 1570 2993 πνευμα
1609 2939 1747 2984 sumsi
1787 2954 1871 2996 pro
1917 2940 2079 2997 spiritu
2118 2940 2289 2985 nitroso
2332 2939 2379 2983 in
2419 2939 2587 2983 Terrae
2646 2947 2652 2994 j

332 3003 556 3049 meatibus
588 3004 803 3050 concluso
836 3011 881 3049 et
912 3005 1131 3050 violentia
1163 3005 1412 3062 eruptionis
1434 3005 1631 3062 lapidem
1653 3004 1875 3063 trudente,
1907 3012 1959 3051 ut
1988 3006 2039 3050 fit
2070 3005 2204 3050 hodie
2236 3006 2281 3051 in
2313 3003 2586 3049 bombardis.
2639 3012 2652 3051 ι

335 3066 424 3113 Sed
456 3069 564 3125 quia
594 3068 679 3127 ait,
720 3075 828 3126 post
860 3070 977 3114 diem
1011 3084 1144 3115 unam
1175 3070 1415 3126 recidisse,
1457 3070 1778 3127 intelligendus
1822 3071 1939 3117 forte
1970 3074 2055 3116 erit
2088 3072 2142 3117 de
2173 3072 2380 3129 pridiana
2409 3070 2590 3115 insolita
2644 3055 2652 3084 ¹

335 3140 573 3180 ventorum
603 3135 818 3196 procella,
853 3150 968 3194 quae
1001 3149 1110 3181 sane
1142 3142 1187 3181 et
1217 3138 1343 3193 ipsae
1376 3136 1524 3181 solent
1555 3138 1712 3183 crebro
1744 3151 1844 3182 esse
1878 3153 1978 3183 cum
2009 3145 2157 3184 terrae
2188 3144 2326 3186 motu.
2369 3137 2588 3195 Lapidem
2638 3138 2652 3206 j

335 3205 490 3245 tamen
518 3201 566 3246 in
597 3201 772 3248 coelum
802 3204 926 3248 nulla
955 3215 1152 3260 unquam
1183 3203 1338 3248 intulit
1357 3207 1593 3249 ventorum
1613 3203 1815 3261 procella
1845 3203 1892 3248 in
1922 3204 2063 3249 libero
2087 3209 2215 3259 aere3
2251 3204 2429 3260 signum
2449 3203 2587 3261 igitur
2634 3211 2652 3265 ιζ,

334 3265 498 3312 fuisset
529 3268 727 3313 sociatae
758 3282 934 3326 causae,
968 3283 1101 3325 quam
1133 3286 1215 3328 ego
1249 3271 1355 3316 dixi.
2633 3265 2652 3326 ξ

507 3333 678 3379 Verum
707 3334 1002 3392 relinquenda
1025 3341 1094 3381 est
1113 3337 1356 3382 Plutarcho
1390 3350 1472 3382 sua
1492 3334 1640 3391 lectio,
1672 3349 1776 3380 nam
1806 3336 1932 3392 loqui
1953 3336 2130 3382 videtur
2153 3338 2208 3385 de
2228 3337 2382 3384 fabula
2404 3337 2586 3383 Graecis
2631 3354 2649 3395 ς,

338 3398 543 3444 omnibus
574 3399 949 3457 celebratissima,
990 3401 1046 3446 de
1090 3417 1178 3460 qua
1210 3403 1274 3448 sic
1304 3403 1479 3447 Natalis
1513 3402 1671 3446 Comes
1702 3403 2008 3459 Mythologiae
2039 3403 2138 3449 libr.
2172 3405 2270 3450 VII.
2334 3397 2643 3451 Memoriae

329 3464 541 3520 prodidit
584 3463 886 3543 Chrysermus·
907 3467 985 3512 lib.
1018 3469 1074 3513 II.
1106 3470 1424 3544 Peloponnes„
1467 3468 1720 3521 Junonem,
1773 3482 1873 3512 cum
1917 3470 1971 3514 de
2010 3471 2208 3517 Hercule
2248 3485 2422 3517 sumere
2460 3470 2642 3529 vellet'g,

338 3531 621 3588 supplicium,
652 3532 838 3577 Lunam
867 3534 918 3578 in
951 3535 1178 3579 auxilium
1210 3536 1432 3590 ascivisse,
1464 3534 1741 3578 carminibus
1770 3535 1957 3592 mayicis
1986 3552 2136 3595 usam3
2170 3543 2306 3595 atque
2325 3538 2407 3583 illa
2427 3538 2588 3583 cistam
2627 3527 2641 3603 ι,

341 3595 503 3651 (nvem
532 3597 663 3653 forte,
697 3603 741 3642 et
772 3599 878 3654 quid
911 3599 949 3643 si
979 3606 1156 3645 uterum
1167 3602 1212 3658 ‘?)
1243 3615 1406 3659 spuma
1435 3601 1656 3658 implevit,
1689 3613 1711 3643 e
1731 3615 1823 3657 qua
1854 3608 1993 3648 natus
2022 3605 2090 3650 leo
2116 3605 2463 3663 Cithaeroneus,
2488 3603 2616 3661 pri-

342 3674 443 3706 mus
487 3663 696 3708 laborum
735 3665 961 3711 Herculis.
1021 3667 1146 3712 Nam
1178 3680 1299 3724 puer
1330 3665 1478 3712 adhuc
1507 3679 1732 3711 annorum
1766 3667 1818 3710 16
1848 3669 1916 3712 vel
1946 3669 2025 3725 18,
2065 3684 2166 3715 cum
2196 3675 2308 3715 esset
2336 3670 2499 3714 missus
2527 3668 2613 3718 ab*

340 3725 671 3802 Amphitryone
711 3732 774 3776 ad
809 3738 1118 3778 armentorum
1157 3734 1430 3791 custodiam,
1470 3735 1640 3778 leonem
1677 3733 1819 3789 hunc,
1862 3748 1962 3779 cum
2002 3742 2212 3782 armenta
2252 3749 2338 3781 sua
2374 3716 2613 3865 laniare}

342 3795 548 3850 quamvis
587 3796 922 3852 impenetrabili
949 3800 1092 3856 pelle,
1134 3800 1374 3845 interemit.
1435 3798 1624 3843 Videtur
1667 3811 1806 3842 causa
1836 3799 2036 3859 fabulae,
2080 3802 2201 3859 quod
2240 3802 2352 3846 mari
2389 3801 2529 3856 undiq
2643 3851 2646 3855 ,

341 3863 524 3915 praeter
551 3858 764 3906 isthmum
796 3863 943 3909 cincta
972 3864 1327 3924 Peloponnesus,
1358 3878 1442 3911 nec
1472 3864 1706 3923 credibile,
1739 3866 1967 3912 hominum
2000 3882 2137 3926 opera
2165 3870 2390 3915 invectum
2420 3839 2603 3914 animal
2644 3875 2652 3929 ,j

2599 3956 2601 3959 ,
2639 3930 2652 3956 '1

2568 4001 2570 4004 y
2635 3966 2652 3991 'fl

1145 4031 1167 4053 .
2610 3959 2652 4088 μ

2634 4071 2652 4088 ἢ
