2652 4088
788 171 936 218 Notae
966 171 1013 218 in
1044 169 1278 219 Somnium
1308 169 1686 218 Astronomicum.
2287 170 2358 229 43

104 315 264 372 igitur,
306 328 424 374 quae
466 321 513 363 et
552 316 655 376 ipsa
683 317 767 364 sub
797 317 967 364 arctico
1003 316 1153 376 polari
1192 317 1299 375 sita,
1337 317 1526 365 eandem
1562 317 1742 377 frigoris
1777 317 2127 376 magnitudinem
2162 318 2362 366 tribuere

106 387 458 429 consentaneum
489 389 573 428 est.

277 449 350 495 21.
379 448 540 495 Nullos
560 444 701 495 hahet
726 447 901 495 incolas
929 447 1009 494 illa
1037 448 1202 506 insula,
1237 450 1405 508 quippe
1430 449 1597 497 sterilis
1623 455 1669 497 et
1689 464 1856 498 saxosa
1879 464 1963 498 nec
1985 451 2148 512 ampla,
2178 455 2361 510 praeter

105 513 356 572 piscatores
389 517 446 562 ad
476 516 551 562 40.

276 581 349 628 22.
381 582 469 627 Hic
507 582 590 627 viri
630 592 736 625 vere
766 578 1070 637 philosophici
1110 594 1208 627 mos
1247 582 1333 627 fuit
1372 586 1619 640 perpetuus
1659 584 1936 642 percontari,
1978 583 2173 640 discere,
2212 583 2363 640 magni

102 644 252 691 facere
279 648 561 693 narrationes
591 644 864 703 hujusmodi,
897 647 1054 691 crebro
1086 648 1335 705 ruminare,
1368 648 1426 693 ad
1454 648 1737 695 theoremata
1766 650 1954 707 physica
1984 649 2228 706 applicare.

274 712 348 758 23.
377 713 501 758 Idem
533 712 713 769 quidem
741 712 1061 768 teutonismus,
1108 713 1436 759 diversissimae
1473 727 1579 760 vero
1612 716 1709 772 eJ'us
1752 717 1932 761 dialecti
1961 718 2007 762 in
2037 716 2188 761 Dania
2225 716 2362 773 inque

100 777 313 837 Islandia,
346 791 486 838 qnae,
516 783 567 822 ut
598 783 803 835 apparet,
835 778 1207 834 Nordwegiorum
1240 786 1311 826 est
1341 780 1537 838 colonia,
1572 780 1629 825 ad
1660 794 1774 838 quos
1807 782 1911 839 eJus
1938 788 1984 829 et
2012 781 2185 827 vicinae
2217 783 2361 828 Gron-

99 841 278 888 landiae
310 845 546 901 imperium
576 849 682 890 ante
711 851 890 890 centum
922 858 1064 889 annos
1095 846 1328 901 pertinuit.
1391 845 1510 901 Quin
1541 846 1676 891 etiam
1708 847 1908 895 Orcadas
1947 849 2072 905 ipsas
2103 847 2358 892 Teutonum

99 921 247 955 mores
290 916 337 956 et
371 910 570 969 linguam
608 911 859 957 obtinuisse
897 916 1002 956 ante
1033 911 1120 958 200
1152 924 1316 970 annos,
1360 923 1418 956 ex
1446 912 1784 958 narrationibus
1824 913 2059 971 cuiusdam
2097 913 2361 958 mercatoris

50 1029 55 1036 ¹
98 976 261 1022 Veneti
290 977 497 1033 naufragi
528 983 725 1025 constat.

271 1045 344 1091 24.
375 1045 446 1091 27.
480 1045 600 1090 Raro
631 1045 752 1091 infra
782 1045 959 1099 decem,
1003 1055 1327 1102 nonnunquam
1360 1045 1418 1091 ad
1458 1044 1664 1102 triginta,
1711 1057 1827 1102 quos
1860 1056 2071 1089 exercere
2103 1043 2260 1088 solitus
2293 1048 2363 1088 est

97 1110 366 1155 tractatione
396 1110 797 1158 instrumentorum
826 1113 1051 1156 variorum
1081 1111 1141 1155 ad
1175 1112 1513 1157 observationes
1544 1110 1761 1168 siderum,
1807 1109 2207 1168 descriptionibus,
2240 1123 2359 1154 com-

96 1175 419 1233 putationibus,
449 1177 751 1237 pyronomicis
784 1177 1018 1223 laboribus
1051 1182 1097 1222 et
1128 1175 1348 1224 similibus
1378 1175 1697 1235 philosophiae
1730 1177 1906 1222 studiis

269 1242 339 1287 25.
374 1244 522 1301 Opum
553 1257 762 1301 suarum,
795 1256 910 1301 quae
939 1256 1132 1302 magnae
1163 1244 1204 1288 ei
1237 1249 1366 1288 erant
1396 1257 1454 1288 ex
1483 1243 1786 1299 haereditate,
1819 1242 2026 1287 dominus
2059 1244 2156 1285 erat
2186 1239 2361 1297 largus·

96 1320 183 1365 que
212 1307 259 1351 in
292 1308 442 1354 studia
474 1310 778 1366 dispensator3
819 1309 962 1354 victor
990 1309 1180 1366 insuper
1220 1310 1364 1355 omnis
1401 1310 1540 1355 taedii
1570 1321 1812 1366 rerumque
1854 1307 1986 1363 vulgo
2018 1305 2362 1364 desperatarum

95 1373 331 1419 affectator
358 1375 629 1430 indefessus,
664 1375 784 1431 quod
816 1375 1085 1421 observandi
1114 1375 1229 1420 ratio
1262 1376 1603 1422 accuratissima
1624 1375 1918 1431 demonstrat,
1950 1374 1997 1418 in
2019 1386 2109 1430 qua
2138 1386 2239 1419 cum
2259 1374 2362 1432 ipsa

94 1446 257 1486 natura
285 1440 410 1486 visus
441 1441 623 1486 humani
655 1441 874 1498 pugnavit
903 1442 1117 1499 vicitque.

265 1506 342 1552 26.
373 1505 481 1551 Fuit
508 1508 624 1552 haec
655 1506 774 1550 inter
807 1506 1133 1552 delectationes
1167 1507 1265 1562 eius
1298 1508 1381 1552 viri
1410 1522 1514 1566 una,
1546 1513 1597 1553 ut
1627 1519 1953 1563 nonnunquam
1985 1506 2186 1552 abituros
2217 1520 2274 1553 ex
2294 1507 2361 1551 in-

93 1571 192 1616 sula
215 1572 403 1629 jamque
435 1573 644 1618 dimissos
684 1572 955 1629 percelleret
995 1572 1231 1629 inopinata
1272 1573 1458 1631 repulsa
1499 1575 1621 1632 apud
1652 1571 1904 1632 cymbarios
1946 1578 2210 1631 teneretque
2242 1572 2362 1618 ultra

91 1650 227 1694 quam
256 1637 436 1696 vellent,
468 1638 555 1683 nisi
588 1638 690 1695 quis
721 1637 875 1682 volare
907 1637 1155 1684 didicisset.

262 1704 336 1751 28.
368 1704 596 1750 Versabar
624 1711 734 1749 tunc
763 1704 809 1747 in
840 1702 1033 1748 lectione
1065 1704 1214 1761 operis
1245 1704 1432 1750 Martini
1462 1705 1617 1752 Delrio
1651 1705 1707 1751 de
1738 1705 2126 1764 disquisitionibus
2155 1705 2358 1764 magicis.

90 1768 154 1814 Et
183 1775 319 1816 notus
352 1783 408 1815 ex
440 1771 628 1827 Virgilio
658 1782 843 1814 versus:

439 1838 657 1884 Carmina
685 1839 754 1883 vel
781 1837 904 1882 coelo
928 1842 1128 1894 possunt
1159 1838 1378 1884 deducere
1407 1838 1610 1884 Lunam.

261 1903 382 1949 Ante
410 1903 812 1961 omniaquadrabat
841 1903 977 1961 plaga
1008 1904 1134 1949 coeli.
1195 1905 1312 1950 Nam
1341 1904 1389 1949 in
1419 1904 1618 1950 Islandia
1650 1915 1788 1960 saepe
1816 1902 1962 1960 Luna,
1995 1902 2156 1948 ceteris
2177 1901 2361 1960 populis

90 1968 241 2027 plena,
264 1982 355 2014 non
377 1975 581 2026 apparet.
622 1969 686 2014 Et
706 1969 1134 2026 septentrionalibus
1164 1970 1348 2027 populis
1375 1971 1567 2029 magiam
1598 1969 1865 2015 familiarem
1894 1968 2079 2013 tradunt
2101 1969 2359 2025 scriptores,

91 2041 138 2078 et
176 2034 386 2079 credibile
425 2040 495 2080 est
533 2035 718 2092 spiritus
758 2033 862 2078 illos
901 2035 1191 2079 tenebrarum
1231 2035 1434 2080 insidiari
1474 2035 1622 2091 longis
1660 2035 1751 2080 illis
1789 2033 2018 2079 noctibus:
2058 2038 2129 2079 est
2167 2046 2274 2077 vero
2315 2037 2362 2078 et

87 2098 291 2145 Islandia
309 2100 355 2143 in
377 2102 707 2158 septentriones
728 2099 950 2157 profunde
980 2101 1226 2146 recondita.
1275 2101 1494 2146 Nimirum
1527 2105 1573 2145 et
1597 2100 1914 2158 philosophiae
1945 2104 2051 2145 sunt
2081 2099 2226 2145 amica
2257 2098 2361 2144 sub-

90 2164 250 2210 lustris
279 2165 393 2210 lucis
425 2167 518 2212 otia
547 2174 798 2222 noctesque
839 2166 1144 2211 continuatae.
1208 2167 1454 2212 Confirmat
1485 2165 1828 2212 Illustrissimus
1860 2166 2223 2222 Wirtenbergiae
2253 2166 2361 2210 Dux

88 2231 240 2277 Julius
272 2232 554 2289 Fridericus,
602 2233 679 2290 qui
721 2233 1086 2291 peregrinatione
1124 2234 1404 2280 memorabili
1450 2235 1805 2290 septentrionem
1849 2247 2030 2292 quoque
2071 2236 2358 2292 pervagatuS,

87 2297 208 2342 viros
239 2299 303 2343 ait
331 2298 503 2356 passim
530 2299 577 2343 in
610 2313 663 2345 eo
702 2302 890 2359 reperiri
922 2302 980 2347 ad
1021 2302 1285 2347 miraculum
1331 2301 1488 2347 doctos
1529 2305 1576 2345 et
1606 2300 1942 2359 philosophiam
1978 2300 2195 2346 inusitata
2228 2299 2360 2344 nobis

89 2362 370 2410 humanitate
402 2377 509 2423 erga
540 2365 737 2412 advenas
772 2367 1029 2412 reddentes,

262 2430 336 2478 29.
367 2431 466 2475 Hoc
495 2436 674 2488 tempus
705 2433 814 2478 anni
844 2432 1255 2479 commodissimum
1285 2431 1564 2490 navigationi
1595 2444 1653 2477 ex
1683 2438 1821 2490 portu
1851 2433 1930 2478 illo
1961 2433 2089 2489 regni
2108 2431 2284 2478 D'aniae
2314 2430 2360 2476 in

88 2495 332 2542 Islandiam
364 2509 462 2542 sum
492 2504 634 2544 ratus.

263 2563 335 2608 30.
366 2562 419 2607 Id
451 2565 657 2620 sequitur
686 2575 744 2608 ex
773 2578 894 2609 num.
930 2566 998 2611 13.
1030 2577 1114 2623 per
1145 2564 1397 2611 doctrinam
1428 2564 1728 2623 sphaericam.

261 2628 332 2673 31.
366 2628 482 2674 Redi
513 2630 571 2674 ad
602 2635 756 2675 notam
787 2630 860 2677 28.

524 2697 599 2742 32.
628 2696 875 2743 Judicibus
905 2697 1019 2754 lites,
1051 2698 1243 2756 auriyae
1272 2698 1454 2744 somnia
1484 2711 1659 2757 currus,

698 2762 910 2821 Quasque
940 2763 1015 2808 die
1045 2765 1242 2821 quaeris,
1273 2769 1404 2809 nocte
1427 2765 1601 2822 potiris
1633 2778 1783 2823 opum.

260 2827 328 2872 33.
360 2827 585 2883 Perquam
606 2828 867 2887 ingeniosos
889 2828 1099 2875 Islandos
1123 2829 1366 2875 affirmavit
1387 2830 1592 2887 Tychoni
1613 2830 1762 2875 Brahe
1783 2828 2073 2886 supradictus
2095 2828 2355 2886 episcopus.

261 2894 335 2939 34.
366 2893 561 2951 Spiritus
591 2894 638 2938 hi
670 2899 777 2940 sunt
809 2894 1049 2952 scientiae,
1095 2895 1141 2939 in
1175 2896 1338 2952 quibus
1381 2896 1649 2953 aperiuntur
1685 2908 1837 2941 rerum
1868 2907 2048 2941 causae.
2109 2893 2354 2939 Admonuit

0 2965 1 3024 ἦ
87 2970 159 3003 me
187 2957 326 3016 hujus
357 2959 600 3016 allegoriae
631 2975 720 3006 vox
751 2975 912 3018 graeca
932 2963 1160 3020 Daemon,
1194 2975 1312 3020 quae
1335 2975 1362 3007 a
1382 2966 1516 3007 δαιειν
1548 2962 1800 3019 deducitur,
1833 2960 1955 3018 quod
1977 2965 2046 3006 est
2065 2961 2194 3018 scire,
2227 2958 2355 3016 quasi

0 3028 1 3096 J
88 3028 272 3083 ὀαημων.
337 3025 437 3071 Hoc
469 3026 707 3083 supposito
738 3026 839 3086 lege
865 3028 961 3084 J'am
992 3034 1147 3073 notam
1178 3029 1252 3074 28.
1286 3042 1313 3073 a
1343 3028 1369 3086 ξ
1399 3028 1635 3076 Nimirum.

260 3092 330 3138 35.
362 3092 511 3137 Causa
539 3093 733 3148 genuina
762 3094 937 3138 numeri
967 3093 1078 3139 mihi
1110 3093 1289 3139 excidit.
1351 3093 1422 3139 An
1453 3094 1510 3138 ad
1541 3106 1703 3139 novem
1734 3095 1892 3140 Musas
1922 3093 2125 3150 respexi,
2171 3091 2277 3148 quia
2308 3094 2355 3135 et

0 3173 1 3188 ¹
85 3160 213 3216 ipsae
241 3158 367 3203 Deae
405 3163 512 3203 sunt
556 3158 820 3216 gentilibus,
867 3160 989 3216 quod
1035 3165 1106 3205 est
1146 3159 1254 3204 mihi
1295 3159 1512 3216 spiritus?
1562 3160 1635 3203 An
1673 3159 1756 3204 has
1797 3161 1843 3204 in
1885 3171 2120 3203 numerum
2159 3155 2348 3201 adscivi:

0 3262 1 3266 ,
87 3226 131 3269 1.
159 3224 482 3281 metaphysica,
514 3225 557 3269 2.
589 3225 791 3282 physica,
825 3225 866 3269 3.
893 3227 1056 3282 ethica,
1089 3226 1134 3272 4.
1156 3226 1447 3283 astronomia,
1481 3227 1522 3271 5.
1545 3225 1806 3283 astrologia,
1840 3227 1880 3271 6.
1905 3225 2068 3282 optica,
2101 3224 2144 3270 7.
2165 3222 2350 3279 musica,

0 3312 1 3353 3
85 3290 131 3336 8.
162 3290 421 3346 geometria.
455 3291 500 3335 9.
531 3291 846 3337 arithmetica?

260 3355 330 3402 36.
363 3356 524 3401 Certus
554 3368 668 3412 sum,
699 3356 774 3401 hic
804 3356 875 3401 vel
906 3357 1178 3402 Uraniamxe
1209 3369 1395 3402 numero
1427 3357 1662 3401 Musarum
1692 3355 1764 3401 vel
1795 3355 2130 3401 Astronomiam
2159 3365 2185 3399 e
2205 3352 2348 3399 scien-

0 3426 1 3437 *
86 3422 160 3469 tiis
191 3422 237 3466 in
268 3425 413 3465 animo
444 3420 552 3464 mihi
583 3420 738 3466 fuisse.
801 3420 934 3477 Quod
963 3420 1051 3465 nisi
1088 3421 1243 3466 multis
1287 3421 1406 3467 vitae
1444 3421 1682 3479 praesidiis
1722 3425 1929 3466 carerent
1969 3419 2346 3479 septentrionales

87 3489 145 3534 ob
175 3485 365 3542 frigora,
407 3484 602 3531 dicerem
630 3487 735 3544 plus
765 3486 869 3532 illos
901 3485 958 3530 ad
990 3487 1313 3532 astronomiam
1344 3493 1474 3544 aptos
1507 3501 1606 3532 esse
1638 3501 1772 3544 quam
1803 3493 1999 3546 ceteros,
2040 3488 2146 3545 quia
2175 3487 2348 3534 dierum

0 3593 1 3599 ,
27 3543 30 3546 ’
87 3558 134 3597 et
163 3551 361 3597 noctium
395 3551 664 3607 discrimina,
696 3564 770 3596 res
802 3551 859 3596 ad
890 3552 1212 3596 astronomiam
1242 3552 1452 3609 invitans,
1485 3552 1606 3609 apud
1636 3554 1760 3611 ipsos
1793 3558 1899 3598 sunt
1928 3554 2115 3610 maiora.

263 3618 332 3661 37.
367 3616 413 3660 Si
453 3617 509 3663 de
547 3617 693 3662 Musis
731 3617 841 3673 ista,
886 3615 1095 3661 vanitatis
1134 3616 1303 3674 aliquid
1346 3618 1391 3662 in
1430 3618 1590 3663 ceteris
1629 3617 1847 3673 arguitur.
1918 3618 1998 3663 Sin
2036 3619 2092 3664 de
2129 3618 2347 3675 scientiis,

84 3683 275 3744 physica
305 3682 437 3727 docet
467 3683 602 3727 etiam
633 3694 827 3737 venena,
860 3686 1069 3738 procreat
1099 3682 1234 3725 etiam
1266 3681 1506 3740 chymistas
1538 3682 1913 3741 incircumspecte
1943 3689 2158 3740 tractata,
2199 3690 2344 3730 meta-

0 3743 1 3748 ’
85 3748 273 3806 physica
304 3753 597 3804 praepostere
629 3747 840 3793 affectata
870 3746 1020 3802 inflat,
1063 3746 1274 3804 dogmata
1313 3748 1536 3792 catholica
1564 3748 1718 3794 turbat
1758 3749 2086 3797 subtilitatibus
2116 3751 2264 3796 nimiis
2297 3755 2345 3796 et

85 3813 371 3871 importunis,
403 3813 551 3859 ethica
579 3813 955 3870 magnificentiam
986 3814 1292 3868 commendat,
1326 3827 1416 3859 non
1449 3815 1654 3861 omnibus
1684 3815 1953 3876 proficuam,
1987 3817 2231 3874 astrologia
2263 3829 2341 3862 su-

0 3935 1 3938 ,
86 3878 422 3938 perstitionibus
450 3880 774 3938 patrocinatur,
806 3880 958 3939 optica
989 3879 1168 3941 decipit,
1201 3881 1373 3928 musica
1403 3881 1646 3931 famulatur
1665 3882 1909 3943 amoribus,
1935 3884 2182 3943 geometria
2202 3882 2340 3930 domi·
