2652 4088
991 180 1071 225 111.
1108 179 1433 228 Astronomica.
2228 183 2335 240 293

0 326 7 333 ’
84 330 145 382 ad
186 330 417 380 Atticum.
493 330 633 380 Tune
669 331 861 380 incusat
899 330 1232 380 diversitatem
1273 331 1520 382 climatum
1560 337 1607 382 et
1645 331 1782 381 addit
1829 337 2079 382 auctorum
2120 331 2339 382 diversas

2 426 6 427 ⁷
83 412 256 454 sectas,
322 403 632 463 Chaldaeum,
673 406 722 451 ni
747 404 905 466 fallor,
947 419 1053 453 eam
1094 404 1223 464 dicit,
1266 420 1409 467 quam
1437 406 1656 469 Scaliger
1691 405 2062 455 dodecae'terida
2099 405 2340 471 appellat3

28 486 31 487 ’
84 478 331 541 Aegyptia
369 492 485 526 vero
523 476 865 541 speculabatur
903 483 1057 525 ortum
1083 477 1242 533 CaniS‚
1285 485 1334 526 et
1371 478 1490 542 quid
1527 481 1568 526 si
1607 493 1691 543 per
1732 484 1797 528 30
1839 479 1942 528 dies
1981 481 2186 540 mensiS,
2228 481 2341 540 qui-

84 553 174 599 bus
203 551 349 599 Canis
384 558 516 598 ortus
555 550 801 611 incideret,
842 550 1042 598 totidem
1081 554 1250 598 statuit
1278 551 1651 616 προσημασιαςῖ
1693 550 1882 600 Graeca
1920 567 2036 601 vero
2077 568 2160 617 per
2187 566 2340 600 annos

82 624 207 687 cycli
245 622 392 672 solita
431 629 504 672 cst
541 625 637 683 ire,
688 625 913 685 quamvis
953 622 1186 671 Eudoxus
1225 639 1362 672 suam
1403 624 1701 674 octae'terida
1738 625 1988 689 scripsisse
2028 626 2340 689 perhibeatur

3 714 8 717 ·
82 702 131 744 in
173 698 414 759 Aegypto,
476 695 615 744 Haec
652 696 779 745 velle
805 696 1033 757 Plinium,
1075 697 1465 746 manifestissime
1506 713 1563 746 ex
1605 697 1926 762 descriptione
1951 705 2152 759 quartae
2178 705 2341 747 sectae

15 811 18 814 ,
83 778 309 833 apparet,
364 769 501 831 cujus
554 774 723 817 auctor
773 769 966 830 Caesar,
1024 783 1209 828 „annos
1264 769 1326 817 ad
1375 769 1503 818 Solis
1551 784 1742 818 cursum
1791 771 2014 833 redigens
2065 768 2336 834 singulos.“

84 842 273 890 Graeca
313 845 439 889 enim
479 841 589 889 aliis
627 843 766 889 annis
806 842 928 906 cycli
968 842 1066 891 alia
1105 842 1366 904 signifieat,
1421 842 1603 891 Caesar
1641 844 1855 890 omnium
1895 857 2129 891 annorum
2170 843 2341 892 iisdem

17 950 23 958 .
83 915 254 964 dicbus
293 914 477 963 eadem.
544 915 645 961 Etsi
687 929 802 962 vero
841 915 1030 963 Plinius
1065 915 1167 977 jam
1198 915 1439 963 delabitur
1477 914 1539 963 ad
1565 917 1804 964 rationem
1837 916 2172 975 intercalandi,
2214 931 2342 978 quae

27 1045 32 1047 ,
84 990 281 1053 propius
322 989 496 1035 attinet
534 987 890 1049 longitudinem
929 990 1067 1048 anni,
1119 997 1280 1036 tamen
1322 988 1416 1036 hoe
1450 988 1611 1052 ipsum
1649 988 1794 1036 refert
1831 987 1895 1036 ad
1934 994 2092 1036 ortum
2131 989 2342 1037 siderum

84 1070 131 1110 et
168 1059 598 1123 significationem:
652 1067 901 1123 coeperat,
943 1063 1126 1123 inquit,
1167 1060 1327 1109 sidera
1366 1063 1753 1126 annus5morari.
1829 1059 2130 1120 Ridiculum,
2179 1061 2338 1110 triduo

86 1133 233 1196 vulgo
273 1132 661 1181 animadversam
702 1133 1034 1181 diversitatem
1063 1140 1195 1181 ortus
1237 1140 1284 1182 et
1323 1147 1525 1182 occasus
1562 1132 1789 1194 siderum,
1831 1147 2037 1195 quorum
2074 1136 2199 1182 ratio
2239 1140 2340 1182 tam

85 1218 158 1255 est
195 1206 338 1266 laxa3
393 1206 452 1255 de
505 1208 865 1269 comparatione
906 1208 1008 1267 agit
1047 1213 1179 1254 ortus
1218 1205 1430 1254 siderum
1469 1220 1578 1253 cum
1629 1208 1818 1255 ratione
1858 1207 1987 1254 anni.
2068 1206 2344 1272 „Coeperat

84 1295 238 1328 annus
279 1281 454 1328 morari
490 1280 682 1328 sidera“
738 1294 822 1342 per
860 1278 1223 1328 similitudinem
1264 1279 1413 1339 dixit,
1468 1281 1552 1340 qui
1591 1281 1724 1342 prius
1762 1293 1859 1327 non
1899 1278 2204 1367 morabatur,
2258 1279 2344 1329 sed

0 1367 7 1410 ἡ
86 1352 422 1403 antecedebat
497 1353 660 1401 Nimia
699 1351 1067 1401 intercalatione
1107 1352 1289 1400 tardior
1328 1352 1526 1400 effectus
1565 1366 1738 1400 annus

8 1437 9 1444 ¹
254 1426 427 1488 Itaque
465 1426 636 1473 saltem
674 1427 922 1486 incertum,
964 1425 1225 1488 Sosigenes
1263 1426 1411 1473 ternis
1449 1426 1550 1472 suis
1579 1425 1936 1474 commentariis
1963 1439 2168 1474 suumne
2194 1439 2343 1488 para-

11 1537 13 1547 .
83 1514 284 1563 pegma,
327 1501 372 1544 in
414 1513 510 1560 quo
552 1506 684 1547 ortus
723 1498 958 1559 siderum,
1015 1499 1297 1557 eorrexerit,
1350 1512 1412 1545 an
1451 1499 1565 1546 anni
1604 1498 1998 1560 longitudinem?
2062 1497 2187 1546 Mihi
2223 1497 2346 1547 illud

11 1557 17 1636 ’ᾗ
85 1572 286 1632 videtur,
325 1586 422 1619 non
462 1572 571 1619 hoc.
648 1572 773 1620 Nam
813 1573 860 1618 in
902 1575 1084 1620 incerto
1124 1573 1416 1619 constitutus
1453 1571 1602 1619 fuisse
1644 1571 1851 1631 videtur,
1893 1571 2172 1633 quomode,
2213 1564 2342 1633 quae

80 1649 184 1709 ipse
223 1647 480 1707 scripserat
516 1653 564 1693 et
604 1646 966 1704 observaverat,
1008 1645 1069 1692 ad
1099 1644 1332 1692 Eudoxea
1359 1643 1763 1704 accommodaret,
1807 1652 1894 1693 aut
1933 1644 2182 1706 quomodo
2210 1649 2346 1692 ortus

18 1710 19 1722 ³
83 1719 291 1768 siderum
333 1717 594 1767 collocaret
632 1721 679 1765 in
722 1724 857 1766 tanta
895 1718 1178 1766 diversitate
1216 1722 1485 1778 auctorum,
1527 1733 1670 1779 quam
1713 1720 1859 1766 etiam
1899 1717 2088 1765 Plinius
2129 1718 2345 1779 attingit.
2387 1727 2389 1734 ”

19 1786 22 1797 “
254 1790 331 1838 Ad
372 1797 555 1840 sectam
585 1791 808 1840 Caesaris
848 1790 1077 1853 pertinet:
1118 1795 1434 1855 tempestates
1475 1790 1671 1839 ardores
1712 1805 1827 1839 suos
1865 1791 2047 1839 habere
2087 1789 2342 1853 quadrinis

23 1850 25 1877 ²
82 1867 220 1914 annis
260 1873 307 1912 et
345 1864 541 1913 easdem
580 1879 676 1912 non
717 1880 895 1927 magna
937 1865 1206 1914 differentia
1246 1865 1425 1912 reverti
1463 1866 1649 1912 ratione
1689 1863 1836 1913 Solis.
1912 1863 2043 1911 Illud
2081 1863 2144 1912 ad
2185 1862 2344 1912 Grac—

70 1938 217 1988 'camt
260 1939 451 1988 octonis
489 1951 606 1986 vero
646 1940 817 2000 augeri
856 1937 1052 1987 easdem
1093 1939 1358 1986 centesima
1395 1936 1679 1986 revolvente
1719 1952 1771 1986 se
1799 1938 1955 1986 Luna.
2021 1935 2096 1985 Ibi
2120 1936 2215 1985 hoe
2241 1944 2341 1985 est:

30 2050 32 2059 .
84 2026 250 2061 omnes
291 2025 377 2058 eae
417 2010 714 2059 differentiae
767 2010 889 2060 fiunt
926 2013 972 2057 in
1014 2013 1204 2059 octavis
1243 2011 1462 2073 partibus
1501 2012 1763 2073 signorum.
1840 2012 2023 2059 Bruma
2063 2009 2344 2074 Capricorni

84 2086 148 2134 ab
190 2089 237 2134 8.
281 2083 384 2131 Cal.
426 2083 542 2132 Jan.
628 2083 810 2133 Postea
860 2085 1132 2146 promiscue
1191 2083 1250 2132 de
1302 2090 1408 2131 ortu
1460 2098 1734 2146 occasuque
1782 2083 1995 2134 siderum
2043 2088 2091 2131 et
2142 2083 2342 2146 tropicis

35 2197 39 2218 ,
85 2157 401 2220 temporibuS,
443 2163 629 2205 tantum
670 2157 733 2205 ob
773 2163 1087 2219 tempestates
1127 2156 1186 2205 de
1226 2162 1430 2218 utroque
1435 2192 1614 2206 .....

37 2231 39 2233 ’
258 2230 328 2277 Ex
369 2228 512 2276 Plinii
556 2231 764 2296 „sectis“
807 2231 906 2279 alia
945 2230 1080 2290 alias,
1122 2232 1169 2276 in
1210 2244 1439 2292 praesens
1480 2229 1614 2290 illud,
1656 2228 1786 2290 quod
1826 2243 1885 2277 ex
1923 2229 2166 2278 sententia
2194 2227 2343 2275 Plinii

118 2299 125 2315 ²
179 2302 393 2351 uinoctia
444 2309 493 2350 et
530 2303 741 2352 solstitia
778 2304 826 2350 in
867 2305 1053 2352 octavis
1092 2304 1312 2366 partibus
1364 2304 1613 2365 signorum
1653 2307 1958 2364 statuuntur,
2012 2300 2115 2351 dies
2152 2300 2343 2364 longis·

117 2427 122 2429 Δ
179 2391 207 2424 a
246 2382 335 2424 etc.
412 2374 504 2424 His
545 2382 898 2439 consequenter
937 2378 1086 2425 statui
1126 2378 1395 2439 ingressum
1435 2376 1564 2425 Solis
1603 2377 1652 2422 in
1693 2376 1833 2438 signa
1872 2381 1963 2424 etc
2040 2374 2185 2438 Ipsae
2223 2387 2342 2423 vero

124 2448 326 2499 alendae
353 2448 523 2512 procul
549 2449 696 2498 dubio
723 2450 1119 2499 accommodatae
1146 2450 1400 2498 novilunio
1429 2446 1734 2519 Olympiadis
1761 2449 1932 2511 primo
1996 2447 2171 2511 Itaque
2197 2446 2342 2496 valde

47 2508 340 2583 ‘’Qbit0,v
312 2536 541 2571 verumne
581 2525 669 2583 sit,
720 2523 852 2584 quod
890 2525 960 2571 ait
997 2523 1236 2607 Scaliger,
1288 2524 1404 2570 vivo
1444 2522 1653 2571 Caesare
1692 2522 1903 2585 positam
1949 2535 2055 2571 esse
2097 2518 2156 2570 8⁰
2182 2518 2248 2588 ἑξ
2291 2522 2341 2568 ἰη

0 2653 9 2662 ..
50 2592 54 2612 “
87 2586 190 2645 cal.
229 2609 295 2644 sc.
336 2595 517 2658 Aprilis
556 2596 857 2658 aSosigene,
898 2602 1088 2645 mortuo
1128 2598 1177 2643 in
1222 2600 1302 2646 15.
1346 2594 1446 2643 Cal.

258 2667 515 2717 Concludit
552 2668 635 2716 sol.
681 2674 790 2718 53·
847 2669 1020 2737 „Haec
1059 2684 1165 2718 esse
1203 2670 1475 2731 nugatoria.
1484 2669 1508 2696 “
1589 2667 1770 2716 Verum
1810 2666 1919 2717 hoc
1993 2667 2119 2716 Nam
2158 2666 2336 2716 Hercle

0 2754 16 2794 t
59 2747 196 2791 ante
223 2740 554 2805 Hipparchum
581 2757 722 2792 nemo
752 2707 872 2805 est,„
882 2744 963 2806 qui
994 2742 1390 2791 animadverterit
1417 2760 1670 2807 προηγησιι
1695 2759 1946 2806 τροπικωπν
2002 2746 2086 2796 (Nil
2116 2748 2336 2800 sequitur.)
