2652 4088
254 159 375 218 ,284
861 155 1150 202 Collectanea
1177 166 1245 200 ex'
1263 153 1494 205 codicibus
1523 152 1916 200 Pnlkoviensibus.

267 310 466 370 denter,
516 306 808 375 petulanter
843 311 889 354 et
917 306 1170 370 perfricta
1206 306 1375 369 fronte
1412 310 1592 364 contra
1637 318 1761 353 vera
1806 309 1853 351 et
1888 303 2162 366 manifesta
2207 309 2514 366 aryumenta

260 380 607 515 perlengZ-{it
643 451 726 500 fol.
768 457 859 501 32:
902 453 992 498 Sed
1022 465 1294 510 quamquam
1323 465 1416 497 uno
1445 451 1630 497 vulnere
1650 451 1903 508 collapsum
1934 455 2004 495 est
2032 451 2119 497 hoc
2149 454 2418 509 monstrum,
2447 457 2515 498 ta·

268 537 371 570 men
400 522 606 580 pluribus
634 519 968 566 conficiendum
999 525 1080 565 est.
1157 515 1349 564 Motum
1387 514 1637 564 stellarum
1675 517 1724 562 in
1763 516 2112 575 consequentia
2137 515 2386 577 signorum
2423 529 2516 578 ap·

266 590 421 655 pellat
459 595 740 639 monstrum
816 589 922 651 Ego
964 589 1054 636 etsi
1095 594 1143 638 et
1179 591 1286 652 ipse
1323 588 1455 636 malo
1492 593 1679 637 motum
1720 586 2219 636 dodecatemoriorum
2247 586 2515 650 eclipticae,

267 679 298 713 a
337 663 502 712 circuli
540 663 839 712 sectionibus
877 655 1204 724 inceptorum,
1246 664 1294 709 in
1336 660 1675 711 antecedentia
1711 659 1961 708 stellarum
1999 674 2292 725 agnoscere,
2343 674 2518 710 causas
2610 648 2615 715 ἶ

267 743 429 786 tamen
465 750 565 792 non
601 736 778 796 habe0‚
820 749 903 783 cur
939 741 1126 783 motum
1163 734 1301 783 illum
1339 749 1456 798 prae
1483 736 1654 783 ceteris
1696 733 2060 796 opinationibus
2098 740 2319 783 veterum
2357 739 2519 781 astro·
2611 728 2614 794 ξ

268 812 524 874 nomorum
561 807 872 872 peculiariter
911 804 1246 868 „monstrum“
1288 807 1544 871 appellem.
1619 806 1719 855 Sed
1766 805 2020 855 videamus
2058 806 2323 856 secundum
2362 805 2521 856 Scali-
2594 819 2596 823 ’

266 885 369 947 geri
407 883 622 943 arietem,
663 896 808 944 quem
846 881 895 927 in
933 879 1063 929 hunc
1099 888 1286 930 motum
1323 881 1501 930 vibrat.
1565 879 1782 928 Primum
1819 880 2038 940 assumit,
2079 894 2206 942 quae
2243 880 2398 942 primo
2437 894 2520 928 ar-

266 960 497 1019 gumento
536 970 591 1005 se
627 955 862 1017 probasse
899 959 1054 1016 putat,
1095 953 1262 1003 stellas
1290 969 1356 1004 sc.
1385 953 1591 1002 eandem
1626 952 1807 1001 habere
1847 952 2128 1002 distantiam
2166 968 2197 1002 a
2221 951 2354 1015 polo,
2393 967 2520 1016 quae
2611 953 2614 967 '

266 1030 358 1077 fuit
405 1028 544 1092 olim,
605 1027 778 1077 deinde
815 1026 1040 1090 producit
1076 1027 1291 1090 aliquem
1329 1026 1630 1076 defensorem
1669 1033 1829 1074 motus
1868 1027 1918 1072 in
1963 1026 2339 1090 consequentia,
2389 1024 2520 1090 Hip·
2610 1051 2613 1063 ·

267 1101 501 1166 parchum
539 1101 752 1162 scilicet,
793 1102 876 1164 qui
916 1100 1147 1162 affirmat,
1195 1115 1284 1150 suo
1322 1107 1540 1163 tempore
1586 1099 1780 1162 longius
1826 1098 2041 1148 abfuisse
2078 1100 2295 1162 polarem
2335 1114 2366 1149 a
2402 1099 2519 1162 polo

271 1190 419 1239 quam
457 1175 597 1224 abest
634 1173 806 1234 hodie,
860 1179 908 1222 et
946 1175 1017 1222 sic
1054 1175 1182 1236 agit,
1221 1175 1360 1237 acsi
1396 1172 1681 1236 Hipparcho
1720 1177 1881 1221 motus
1918 1174 1969 1219 in
2008 1174 2357 1236 consequentia
2398 1174 2523 1222 inter
2587 1165 2609 1183 ”

266 1249 574 1312 praemissas,
613 1246 847 1296 distantia
883 1261 1000 1296 vero
1037 1247 1220 1310 polaris
1257 1263 1288 1296 a
1325 1247 1440 1310 polo
1479 1248 1529 1293 in
1568 1243 1879 1294 conclusione
1915 1245 2077 1295 fuerit.
2150 1244 2522 1294 Conclusionem

268 1323 395 1372 hanc
430 1320 605 1371 falsam
643 1335 765 1383 esse,
793 1320 970 1384 probat
996 1335 1056 1369 ex
1082 1327 1369 1383 argumento
1408 1334 1498 1369 suo
1524 1319 1688 1382 priori,
1727 1332 1786 1368 ex
1823 1317 1949 1367 falsa
1983 1318 2296 1368 conclusione
2336 1318 2523 1382 colligit
2576 1335 2596 1385 st

271 1402 319 1445 et
355 1394 528 1445 falsam
565 1396 899 1458 praemissam.
978 1392 1100 1456 Quis
1138 1394 1218 1443 hie
1254 1394 1440 1456 logices
1485 1392 1759 1456 praeceptis
1797 1393 2060 1441 instructus
2109 1406 2306 1455 operam
2343 1397 2516 1453 sumet,

271 1469 434 1518 omnia
483 1469 870 1518 ratiocinationis
922 1468 1254 1530 ineptissimae
1300 1469 1424 1516 vitia
1477 1463 1778 1528 colligendi?
1859 1463 1957 1514 Sed
2007 1465 2230 1528 exemplo
2290 1466 2523 1515 materiae
2595 1519 2597 1523 ,

269 1541 521 1606 popularis
558 1542 701 1590 nobis
740 1546 814 1590 est
851 1555 998 1603 opus:
1050 1539 1269 1604 Scaliger
1306 1554 1556 1603 nunquam
1604 1537 1733 1587 vidit
1776 1537 1960 1586 fluxum
2009 1544 2057 1588 et
2104 1539 2338 1588 refluxum
2374 1540 2523 1588 maris

269 1614 421 1682 (quod
458 1619 578 1678 puto
617 1608 830 1682 salsum),
872 1615 990 1676 quia
1025 1613 1172 1663 hodie
1213 1628 1324 1663 eum
1346 1627 1443 1662 non
1471 1611 1608 1662 videt
1644 1617 1693 1660 et
1732 1609 1849 1660 olim
1874 1617 2110 1675 perpetuo
2137 1614 2186 1660 in
2215 1612 2377 1662 media
2403 1626 2525 1662 con·
2619 1654 2622 1661 .

269 1690 454 1738 tinente
491 1687 596 1747 fuit,
638 1693 837 1737 auctore
874 1687 1057 1735 rustico
1083 1687 1460 1750 Argentinensi:
1501 1699 1615 1749 ergo
1642 1683 1860 1746 Scaliger
1898 1699 2147 1749 nunquam
2184 1686 2276 1735 fuit
2315 1688 2364 1734 in
2391 1685 2520 1735 Hol-

267 1760 448 1813 landia.
524 1760 739 1810 Nimium
784 1759 1014 1821 infertur3
1069 1758 1239 1809 debuit
1289 1761 1419 1809 enim
1464 1759 1627 1808 inferri
1674 1756 1734 1807 de
1782 1757 2008 1807 litoribus
2047 1760 2250 1819 oceani,
2299 1760 2348 1807 in
2396 1773 2524 1823 quae

270 1833 446 1884 desinit
481 1832 768 1883 Hollandia.
843 1832 1013 1882 Habes
1051 1833 1212 1883 ideam
1249 1834 1393 1896 primi
1431 1831 1719 1895 argumenti.
1795 1829 1912 1879 Jam
1956 1831 2069 1881 inde
2108 1831 2438 1882 derivabimus
2477 1838 2527 1882 et

270 1905 536 1958 secundum
573 1905 812 1970 Scaligeri
850 1911 1214 1970 argumentum,
1262 1907 1424 1955 verbis
1462 1906 1617 1968 ipsius
1656 1902 1721 1952 ad
1759 1903 2035 1968 exemplum
2072 1912 2291 1955 nostrum
2329 1919 2526 1956 accom-

270 1979 494 2030 modatis.
571 1978 625 2028 Si
662 1978 881 2043 Scaliger
917 1980 1010 2028 suit
1046 1982 1096 2027 in
1134 1978 1420 2040 Hollandia,
1458 1982 1519 2027 ut
1552 1979 1876 2040 imayinatur
1906 1978 2251 2041 Hipparchus,
2292 1993 2407 2044 ergo
2446 1981 2526 2028 vi'-
2571 2001 2582 2042 ‚j

271 2053 400 2103 disse
439 2058 630 2118 oportet
667 2053 851 2102 fluxum
890 2059 938 2102 et
974 2053 1211 2102 refluxum
1250 2055 1424 2113 maris,
1479 2058 1656 2101 contra
1695 2066 1779 2111 ea,
1821 2065 1954 2114 quae
1990 2051 2335 2102 demonstrata
2372 2059 2525 2116 sunt5
2578 2087 2580 2090 ψ
2617 2076 2619 2078 >

269 2133 422 2191 atque
458 2128 670 2178 omnino
706 2129 951 2190 sequitur,
995 2126 1355 2190 Hipparchum
1385 2131 1622 2188 putasse,
1675 2122 1808 2188 quod
1846 2123 2066 2188 Scaliger
2103 2128 2276 2176 oceani
2314 2127 2527 2176 refluxus
2583 2172 2611 2193 „

271 2200 475 2250 viderit:
515 2199 652 2263 quod
687 2200 893 2263 quidem
932 2214 1108 2249 verum
1145 2206 1228 2260 est,
1268 2207 1315 2249 et
1339 2198 1698 2262 Hipparchum
1721 2196 1985 2247 credidisse
2021 2203 2068 2247 et
2092 2196 2384 2263 ‘posteritati
2405 2214 2527 2262 per·
2607 2239 2610 2268 ÷

270 2276 494 2323 suasisse.
545 2272 644 2324 Sed
683 2280 932 2324 ostensum
970 2279 1057 2335 est,
1097 2273 1399 2338 Scaligerum
1436 2286 1688 2336 nunquam
1714 2271 1896 2320 vidisse
1924 2270 2096 2322 oceani
2121 2272 2374 2335 refluxum,
2414 2272 2525 2324 ideo
2571 2280 2577 2288 '
2611 2292 2613 2294 ’
2651 2321 2652 2324 ,

271 2346 448 2396 falsum
487 2351 575 2408 est,
613 2346 753 2396 illum
791 2347 975 2397 vidisse
1012 2346 1248 2397 refluxum
1288 2348 1457 2397 oceani
1495 2351 1543 2395 et
1566 2343 1784 2410 proinde,
1822 2345 2010 2409 supple,
2048 2345 2225 2395 falsum
2264 2353 2352 2410 est,
2391 2346 2529 2397 illum
2575 2404 2577 2409 ¹
2608 2342 2612 2350 ’
2649 2342 2652 2411 ξ

273 2420 421 2471 fuisse
459 2422 509 2468 in
546 2419 831 2473 Hollandia.

447 2493 664 2543 Videsne
701 2494 868 2557 lector,
908 2499 964 2543 ut
1001 2492 1220 2558 Scaliger
1256 2493 1337 2544 hic
1374 2507 1474 2543 non
1510 2506 1694 2541 novum
1733 2496 1868 2542 texat
1902 2497 2268 2556 argumentum,
2308 2492 2396 2543 sed
2436 2508 2525 2545 ve·
2567 2499 2574 2522 '³
2596 2532 2602 2556 χ.

274 2568 389 2618 teris
428 2568 703 2631 argumenti
742 2574 959 2617 assumto
996 2566 1122 2616 salso
1149 2582 1282 2628 usus,
1322 2566 1583 2631 redarguat
1608 2564 1960 2629 Hipparchum,
2000 2568 2204 2615 assumti
2228 2568 2303 2616 sui
2332 2581 2532 2632 oppug·
2559 2574 2564 2578 ”

274 2646 510 2692 υαῐοτθω.
585 2639 739 2689 Vides
778 2647 833 2689 ut
868 2646 1118 2704 pervertat
1171 2640 1387 2690 ordinem
1437 2640 1709 2703 argumenti
1755 2638 2085 2702 Hipparchici.
2160 2639 2269 2689 Non
2320 2642 2446 2689 enim
2484 2630 2567 2690 iss
2623 2631 2626 2636 ’

277 2714 557 2763 distantiam
594 2712 777 2776 polaris
817 2728 877 2762 ex
915 2719 1050 2762 motu
1089 2715 1138 2761 in
1178 2715 1542 2776 consequentia,
1584 2710 1670 2761 sed
1696 2717 1864 2760 contra
1891 2718 2076 2760 motum
2102 2714 2150 2759 in
2178 2715 2532 2777 consequentia
2626 2748 2630 2758 .

277 2785 465 2850 colligit
501 2801 561 2835 ex
600 2785 833 2835 distantia
870 2785 1053 2849 polaris
1092 2801 1123 2835 a
1158 2787 1275 2850 polo
1314 2786 1413 2836 alia
1438 2792 1586 2849 atque
1612 2785 1724 2836 alia.
1788 2785 2013 2847 Denique
2039 2799 2136 2834 non
2163 2789 2382 2850 sequitur
2409 2802 2528 2836 con·
2567 2797 2635 2842 ‚az

277 2860 494 2910 elusione
532 2858 672 2920 falsa,
713 2859 889 2909 falsum
927 2873 1033 2908 esse
1073 2865 1122 2909 et
1159 2859 1469 2925 antecedens,
1506 2863 1671 2922 potest
1694 2872 1743 2907 n.
1770 2871 1876 2907 esse
1916 2872 2083 2907 verum
2110 2865 2158 2909 et
2190 2862 2380 2909 interim
2406 2859 2562 2910 falsa.

277 2948 383 2983 esse
408 2933 771 2996 consequentia.
824 2933 901 2981 Ita
925 2946 1093 2982 verum
1120 2938 1206 2993 est,
1246 2932 1463 2996 polarem
1500 2931 1564 2980 ad
1601 2929 1768 2993 polum
1794 2933 2076 2993 accessisse,
2118 2933 2332 2983 concedo
2368 2939 2528 2984 tamen
2560 2923 2565 2946 ²
2594 2931 2619 2980 Q

280 3008 342 3057 ob
384 3020 557 3057 causas
596 3005 734 3067 aliaS,
775 3021 871 3055 non
911 3020 1019 3055 esse
1055 3012 1240 3055 motum
1277 3006 1480 3054 fixarum
1517 3005 1567 3051 in
1607 3007 1955 3068 consequentia
1991 3020 2043 3055 re
2070 3020 2201 3068 vera,
2241 3006 2327 3056 sed
2363 3009 2529 3071 potius

278 3081 547 3130 sectionum
583 3077 774 3128 zodiaci
812 3086 860 3128 et
900 3079 1275 3141 aequinoctialis
1315 3081 1363 3126 in
1404 3075 1756 3127 antecedentia.

452 3152 560 3203 Fol.
605 3157 689 3202 33.
728 3152 836 3201 vult
873 3153 1095 3217 probare,
1136 3154 1259 3212 quod
1288 3153 1580 3211 Hipparchus
1610 3152 1765 3210 polum
1795 3154 1950 3199 mundi
1981 3159 2126 3215 vocat,
2155 3166 2249 3201 non
2280 3154 2421 3202 fuisse
2452 3167 2553 3214 po-xr
2626 3158 2632 3203 '.

278 3229 372 3274 lum
409 3227 583 3274 mundi.
653 3225 815 3274 Multa
852 3225 932 3275 hic
970 3240 1067 3274 non
1107 3226 1170 3274 ad
1207 3225 1368 3289 legem
1405 3223 1817 3286 mathematicam,
1857 3232 1904 3274 et
1942 3233 1996 3274 ut
2033 3226 2084 3275 in
2119 3226 2383 3291 incipiente
2411 3226 2531 3276 ridi·
2554 3215 2563 3262 ἶ
2607 3206 2634 3251 ’“Ῐ

281 3299 405 3360 cula,
446 3303 500 3346 ut
526 3312 642 3347 vero
670 3301 718 3346 in
743 3299 1016 3361 professore
1042 3299 1362 3348 intoleranda.
1427 3296 1671 3345 Circulum
1698 3297 1736 3346 Ε
1757 3315 1793 3363 φ
1828 3302 1915 3356 (fig.
1948 3306 2030 3350 13.)
2063 3296 2198 3348 ducit
2222 3315 2308 3363 per
2336 3300 2402 3363 Q,
2441 3308 2541 3350 nec
2629 3328 2632 3370 3

279 3371 462 3420 indicat
498 3372 636 3420 initio
661 3373 767 3434 ejus
793 3372 974 3436 locum,
1012 3373 1105 3420 nisi
1137 3373 1269 3435 quod
1296 3371 1520 3433 denique,
1555 3370 1661 3431 jam
1700 3369 1843 3419 ducto
1885 3371 2081 3433 circulo,
2116 3372 2259 3434 jubet
2284 3372 2326 3435 Q
2356 3374 2537 3423 distare
2571 3411 2578 3437 ,.
2629 3395 2631 3398 ·

280 3461 310 3494 a
338 3444 382 3493 Gr
408 3443 552 3493 stella
587 3458 674 3507 per
700 3443 843 3514 1230,
884 3460 983 3508 qua
1022 3445 1428 3495 determinatione
1466 3442 1682 3491 nondum
1719 3443 1774 3491 fit
1813 3450 1972 3494 certus
2010 3445 2148 3494 locus
2187 3447 2340 3509 ipsius
2367 3445 2434 3509 Q,
2471 3449 2573 3500 ne
2606 3497 2611 3503 ,

284 3517 478 3603 quidem
527 3531 637 3565 cum
675 3536 710 3582 φ
752 3523 825 3566 est
871 3517 1017 3566 hodie
1065 3520 1114 3565 in
1157 3517 1247 3568 120
1278 3520 1383 3575 ⁵²⁴.
1459 3515 1540 3565 Sic
1578 3515 1755 3578 gradus
1804 3517 2074 3567 edisserens
2124 3520 2321 3567 maximi
2371 3516 2581 3570 circulis
2607 3512 2625 3539 ⁵

284 3592 419 3640 varie
456 3605 546 3638 nos
586 3590 914 3651 circumducit,
950 3591 1055 3653 jam
1094 3591 1156 3640 ad
1199 3591 1302 3652 ωδ,
1337 3591 1440 3653 jam
1480 3588 1543 3637 ad
1584 3587 1686 3651 ΟΝ,
1722 3590 1824 3652 jam
1866 3590 1929 3639 ad
1966 3611 2037 3656 γα
2113 3591 2339 3655 Denique
2378 3577 2579 3663 circu-{f
2607 3628 2626 3658 3

285 3664 384 3712 lum
421 3678 507 3727 per
543 3663 711 3726 polum
750 3665 818 3712 ait
857 3663 1117 3713 culminare
1162 3680 1272 3715 cum
1315 3661 1406 3713 12υ
1437 3663 1543 3723 ·-..Q:,
1582 3661 1632 3710 id
1671 3668 1744 3712 est
1781 3665 1983 3714 transire
2008 3678 2095 3728 per
2124 3662 2217 3713 12⁰
2247 3662 2420 3730 *sl-⁶⁴⁶).
2474 3646 2611 3751 Ῑ1ἶί,

460 3834 509 3891 *)
539 3839 652 3880 Haec
680 3839 775 3876 sunt
801 3836 1005 3888 Scaligeri
1034 3841 1179 3880 verb'a:
1211 3839 1462 3879 Resumatur
1490 3835 1626 3890 figura
1657 3841 1811 3878 nostra.
1877 3839 1926 3877 In
1957 3838 2128 3878 zodiaco
2159 3838 2205 3878 in
2238 3838 2355 3888 signo
2383 3834 2444 3882 :2-
2470 3835 2577 3875 inv-⁰
2597 3854 2617 3881 <-

290 3892 507 3936 tervallum
528 3898 604 3947 Οφ
637 3898 699 3936 est
728 3899 890 3936 tantum
922 3900 976 3939 12
1008 3900 1209 3952 partium,
1245 3901 1492 3949 quantarum
1506 3897 1644 3937 totum
1676 3896 1841 3946 signum
1863 3897 1935 3939 ΟΝ
1957 3901 2020 3938 est
2043 3898 2113 3939 30.
2166 3896 2259 3938 Jam
2290 3907 2405 3936 arcus
2427 3892 2538 3943 EQ,
2562 3882 2566 3934 Ῐ

2548 4025 2562 4055 5.
2606 4050 2608 4054 ,

2532 4058 2567 4088 :A
2591 4058 2604 4088 1⁴
