2652 4088
1044 161 1130 211 111.
1158 161 1487 210 Astronomica.
1805 109 1824 129 ⁸
2285 160 2393 220 277

148 344 211 353 —
239 312 337 364 diei
367 318 413 363 1.
442 313 648 378 Paophi,
688 313 792 364 240
819 340 888 351 —-
919 316 964 363 1.
991 311 1164 378 Athyr,
1206 318 1310 363 360
1338 341 1407 350 —
1439 317 1482 366 1.
1512 312 1696 363 Choiac
1721 316 1825 374 etc„
1867 315 2032 378 itaque
2058 311 2394 376 Hipparchum

147 387 451 438 observando
503 389 749 438 invenisse
787 387 1050 437 solstitium
1087 389 1138 435 in
1177 386 1465 436 Calendario
1505 386 1752 451 Aegyptio
1794 391 1823 435 8
1866 386 2036 436 diebus
2089 385 2394 446 anteChal-

143 462 331 510 daicam
382 464 761 511 annotationem.
834 459 970 510 Idem
1023 474 1139 510 vero
1185 462 1368 523 primus
1420 465 1613 521 auctor,
1665 461 1806 522 signa
1856 465 1920 510 12
1963 458 2193 510 ordiendi
2208 472 2325 525 fnon
2364 474 2395 509 a

142 534 296 583 stellis
337 534 572 599 cujusque
611 534 897 595 initialibus,
936 533 1026 583 sed
1052 549 1082 582 a
1107 535 1300 597 punctis
1340 535 1564 597 tropicis:
1606 532 1878 583 Columella
1902 539 2041 582 teste.
2107 527 2395 596 Conseque-

132 609 283 667 vbatur
319 608 490 670 igitur,
538 613 593 656 ut
627 606 878 671 proderet,
934 620 1031 670 quo
1070 612 1286 670 tempore
1327 606 1561 656 Chaldaei
1611 605 1874 655 solstitium
1920 610 2176 668 annotent,
2229 599 2394 656 Solem

135 681 240 744 jam
281 685 309 729 8
350 681 571 743 partibus
609 695 640 729 a
676 679 832 744 gradu
867 679 1114 730 solstitiali
1166 681 1512 744 signorumque
1558 680 1714 729 initio.
1793 680 1961 741 (Forte
2014 678 2235 742 respexit*
2262 678 2392 743 Hip-

141 753 530 817 parchus-suum
585 754 891 803 novilunium
937 754 1210 816 proximum
1259 750 1526 818 solstitio‘?)
1601 751 1711 800 Hoc
1749 766 1865 802 vero
1904 767 2015 802 mea
2058 752 2285 815 opinione
2323 753 2393 801 sic

140 829 444 890 arripuerunt
481 825 669 874 Plinius
707 832 755 875 et
794 826 1080 887 Columella,
1122 841 1180 875 ac
1218 828 1259 874 si
1297 831 1528 875 testatum
1565 823 1840 887 reliquisset
1878 825 2204 889 HipparchuS,
2245 824 2396 874 Chal-

144 899 293 949 daeos
333 901 466 962 ipsos
504 913 734 960 asserere,
773 899 986 949 solstitia
1022 901 1071 947 in
1112 901 1300 949 octavis
1337 899 1558 962 partibus
1595 899 1843 960 signorum
1883 899 2070 948 confici.

311 971 450 1021 Haec
485 985 598 1021 mea
635 979 708 1021 est
747 974 928 1035 opinio,
969 973 1214 1036 quomodo
1253 978 1359 1021 orta
1397 972 1521 1022 haec
1557 970 1890 1020 Romanorum
1927 973 2216 1035 scriptorum
2254 984 2393 1020 asse-

139 1046 343 1094 veratio.
408 1044 634 1094 Secunda
671 1046 795 1093 ratio
836 1046 898 1093 sit
934 1047 1042 1094 ista.
1105 1045 1276 1094 Posito
1315 1044 1447 1108 quod
1486 1045 1580 1108 ipsi
1620 1043 1857 1093 Chaldaei
1896 1044 1956 1094 de
1997 1045 2185 1093 octavis
2223 1045 2394 1107 signo-

138 1134 244 1167 rum
281 1117 502 1182 partihus
541 1118 720 1167 fuerint
743 1118 908 1179 locuti,
951 1117 1209 1167 dicendum
1235 1125 1375 1178 esset,
1417 1117 1529 1167 illos
1569 1116 1627 1166 de
1654 1131 1712 1166 eo
1738 1116 1910 1178 dicere,
1953 1117 2149 1180 quando
2184 1119 2395 1180 primum

138 1190 638 1240 animadverterentur
689 1191 997 1241 decrementa
1048 1192 1265 1242 umbrae.
1340 1191 1399 1240 Id
1438 1205 1555 1241 vero
1604 1190 1873 1241 secundum
1922 1192 2080 1254 magis
2134 1195 2182 1239 et
2231 1191 2391 1239 minus

136 1272 269 1315 esset
304 1279 491 1314 verum.
815 1328 818 1331 .

308 1337 527 1387 Tertiam
563 1338 802 1385 rationem
840 1337 979 1387 affert
1004 1336 1335 1399 Reinholdus3
1370 1341 1513 1400 putat
1551 1337 1693 1398 enim,
1733 1340 1958 1386 auctores
1990 1335 2275 1385 assertionis
2312 1350 2393 1387 re-

140 1411 360 1474 spexisse
397 1410 462 1461 ad
499 1410 586 1459 illa
623 1416 869 1473 tempora,
911 1410 1107 1474 quando
1143 1414 1299 1474 prima
1336 1409 1480 1459 stella
1522 1410 1580 1470 Υ
1615 1415 1718 1459 erat
1752 1414 1781 1459 8
1808 1410 2030 1474 partibus
2075 1414 2187 1458 ante
2215 1410 2391 1472 aequi—

135 1484 370 1534 noctium.
445 1483 544 1534 Sed
583 1483 678 1533 hoc
714 1498 811 1532 non
852 1490 926 1532 est
962 1484 1240 1533 verisimile.
1319 1483 1535 1547 Tempus
1575 1485 1703 1532 enim
1741 1489 1962 1545 notatur,
2003 1482 2135 1546 quod
2172 1482 2394 1546 Hippar-

137 1557 281 1606 chum
315 1557 466 1620 longe
505 1559 782 1618 antecessit,
823 1556 1019 1619 quando
1058 1556 1272 1606 nondum
1313 1556 1624 1606 dividebatur
1651 1556 1859 1606 circulus
1898 1559 1949 1605 in
1977 1561 2097 1615 360,
2137 1554 2265 1605 ultra
2291 1561 2393 1605 900

134 1645 178 1679 a.
222 1629 310 1680 Ch.
385 1630 540 1679 Affert
577 1645 637 1679 ex
677 1630 950 1680 Columella
987 1630 1291 1681 Reinholdus
1328 1630 1451 1679 haec
1489 1630 1664 1679 verba:
1702 1631 1863 1682 XVI.
1897 1629 2004 1680 Cal.
2045 1628 2174 1678 Jan.
2212 1643 2393 1678 secun-

133 1704 258 1752 dum
296 1704 683 1767 Hipparchum,
733 1703 834 1752 1X.
874 1705 1151 1753 secundum
1192 1703 1484 1755 Chaldaeos,
1564 1702 1620 1751 Id
1658 1709 1777 1766 puto
1817 1703 2254 1753 hallucinationem
2296 1702 2394 1753 Co-

115 1777 375 1838 Jumellae,
416 1779 500 1840 qui
538 1792 649 1826 cum
685 1778 829 1826 sciret
857 1777 915 1827 de
944 1777 1114 1827 diebus
1143 1783 1202 1839 8,
1243 1778 1421 1841 quibus
1458 1782 1760 1840 postponunt
1788 1776 2024 1827 Chaldaei
2062 1777 2388 1839 aequinoctia,

137 1853 243 1914 ipse
282 1851 627 1914 anticipaverit
664 1850 951 1900 tantundem
989 1850 1261 1915 Hipparchi
1299 1851 1679 1914 aequinoctium,
1720 1851 2019 1912 existimanS,
2059 1849 2190 1899 hunc
2226 1851 2392 1913 potius

134 1939 292 1973 errare
331 1939 476 1987 quam
515 1922 813 1985 chaldaeos,
868 1924 949 1975 vel
987 1927 1298 1988 existimanS,
1340 1925 1706 1988 aequinoctium
1744 1923 1968 1974 Caesaris
2007 1937 2115 1973 esse
2156 1922 2390 1973 Chaldai-

136 2012 260 2059 cum,
302 2012 411 2046 cum
450 2003 579 2046 esset
615 1996 901 2082 Elipparchi.

305 2070 436 2120 Nota
474 2069 606 2133 quod
641 2072 691 2118 in
728 2070 959 2120 methodo
987 2070 1296 2135 Aegyptiaca
1332 2084 1430 2119 non
1456 2071 1714 2120 revertitur
1752 2075 1947 2121 exortus
1988 2069 2135 2120 Canis
2171 2069 2391 2134 praecise

132 2149 245 2207 post
283 2158 431 2192 unam
471 2143 599 2192 diem
637 2145 686 2191 in
725 2146 864 2192 annis
904 2150 959 2205 4,
1011 2144 1099 2194 sed
1136 2144 1286 2207 paulo
1327 2144 1505 2204 seriuS,
1558 2145 1684 2193 sicut
1735 2145 1947 2193 solstitia
1985 2145 2134 2208 prius.
2212 2143 2389 2206 Itaque

134 2232 194 2266 ex
234 2218 596 2280 comparatione
641 2219 892 2280 utriusque
942 2218 1014 2267 rei
1063 2217 1266 2267 celerius
1317 2216 1718 2267 animadvertitur
1767 2219 1982 2268 brevitas
2031 2217 2146 2268 anni
2196 2217 2388 2282 tropici,

131 2289 393 2354 longitudo
433 2290 622 2339 siderei.
699 2288 890 2339 Oscitat
927 2290 1008 2340 hic
1047 2290 1249 2340 Clavius
1286 2293 1335 2339 in
1374 2289 1728 2341 Emendatione
1770 2290 2063 2341 Calendarii.

307 2363 551 2413 Calendas
603 2365 843 2413 mensium
894 2380 924 2412 a
962 2363 1012 2414 J.
1054 2363 1263 2414 Caesare
1311 2368 1432 2428 puto
1484 2363 1879 2414 accommodatas
1930 2364 2084 2414 fuisse
2133 2363 2390 2414 momentis

134 2439 356 2501 tropicis,
411 2437 473 2485 ab
513 2436 719 2486 Eudoxo
758 2437 840 2486 vel
879 2437 976 2487 alio
1017 2436 1185 2500 aliquo
1225 2438 1288 2487 ab
1329 2435 1677 2503 Olympiadum
1715 2439 1856 2487 initio
1898 2438 2160 2491 arcessitis,
2235 2437 2391 2501 Igitur

133 2525 328 2571 verum,
382 2509 511 2573 quod
549 2513 707 2574 pergit
744 2510 985 2560 affirmare
1023 2510 1264 2574 Scaliger:
1304 2514 1439 2559 Initio
1473 2515 1592 2560 enim
1622 2515 1941 2574 olympiadum
1973 2515 2218 2561 solstitium
2249 2526 2390 2572 appa·

132 2599 235 2632 rens
266 2586 353 2632 fuit
384 2586 584 2632 calendis
615 2585 818 2643 quintilis
848 2586 1033 2631 Juliani.
1090 2583 1201 2633 Hoc
1252 2585 1380 2633 enim
1419 2599 1478 2634 ex
1515 2585 1776 2636 Prutenico
1829 2592 2056 2651 computo
2111 2585 2389 2636 desumtum

136 2662 222 2718 est,
265 2658 382 2719 quia
421 2662 468 2705 et
505 2671 623 2704 usus
661 2655 849 2705 Juliani
891 2661 938 2705 et
976 2658 1256 2720 apparentis
1295 2673 1325 2706 a
1362 2657 1522 2708 medio
1562 2658 1773 2709 solstitio
1826 2660 2081 2710 discrimen
2119 2673 2217 2708 non
2256 2658 2390 2708 alibi.

307 2730 495 2793 Pergit:
534 2732 827 2778 Novilunium
850 2732 1136 2791 Olympicum
1159 2733 1288 2780 civile
1310 2739 1455 2791 nocte,
1489 2749 1606 2792 quae
1637 2740 1794 2783 secuta
1817 2741 1887 2781 est
1908 2741 2114 2781 octavam
2134 2736 2253 2782 diem
2275 2735 2392 2791 ejus·

136 2803 236 2851 dem
266 2805 450 2851 mensis,
516 2802 733 2851 Primum
772 2808 1035 2866 quaeratur
1071 2803 1380 2853 novilunium
1417 2805 1630 2854 medium
1683 2805 1816 2856 illius
1867 2808 1982 2855 anni
2022 2821 2080 2855 ex
2119 2806 2391 2855 Prutenicis

135 2876 251 2935 (fuit
290 2874 337 2923 d.
379 2879 425 2925 8.
464 2874 587 2924 Julii
625 2876 671 2924 h.
715 2881 797 2925 21.
840 2892 869 2925 a
908 2876 1069 2925 media
1106 2880 1288 2940 nocte).
1366 2878 1491 2927 Nam
1546 2877 1663 2941 quid
1710 2879 1774 2928 ad
1824 2895 1901 2929 me
1949 2878 2179 2943 periodus
2233 2877 2391 2927 civilis

138 2947 395 3012 Olympica
433 2963 492 2997 ex
544 2949 834 3012 conjecturis
872 2947 1109 3013 Scaligeri
1154 2950 1403 3001 formata?
1466 2951 1742 3016 Buntingus
1796 2952 1990 3018 quidem
2035 2956 2079 3003 1.
2120 2952 2390 3002 Hecatom-

50 3023 52 3047 ³
137 3022 337 3071 haconis
378 3022 448 3086 (9.
487 3020 614 3085 Jul.)
654 3022 832 3085 prodit.

52 3157 53 3162 ¹
307 3094 497 3158 Pergit:
539 3099 602 3144 Et
622 3098 728 3155 quia
749 3098 908 3145 diebus
929 3097 1219 3157 anniisinguli
1242 3099 1407 3156 gradus
1428 3100 1524 3145 fere
1544 3101 1836 3159 imputantur,
1858 3105 2103 3158 propterea
2122 3101 2169 3146 in
2185 3101 2228 3146 8.
2244 3098 2388 3157 gradu

52 3190 55 3214 ι,
138 3170 296 3216 Cancri
327 3175 487 3215 exacto
529 3170 807 3215 novilunium
838 3171 937 3218 suit.
998 3170 1140 3218 Esset
1179 3171 1326 3233 igitur
1364 3175 1539 3232 quarta
1575 3173 1716 3231 ratio,
1758 3185 1841 3219 cur
1878 3171 2089 3220 solstitia
2127 3173 2175 3218 in
2202 3170 2390 3220 octavis

54 3257 57 3277 ⁴·
136 3241 354 3304 partibus
394 3242 657 3303 signorum,
699 3243 840 3304 quasi
879 3242 1184 3291 novilunium
1223 3256 1310 3305 pro
1349 3243 1560 3292 solstitio
1590 3250 1908 3306 usurpassent
1946 3245 1994 3291 in
2033 3245 2190 3308 prima
2218 3243 2392 3308 Olym-

56 3366 57 3371 ,
138 3312 306 3376 piade3
356 3313 500 3375 quale
549 3313 664 3376 quid
704 3313 929 3376 equidem
966 3315 1253 3365 Ptolemaeo
1305 3315 1539 3364 accidisse
1578 3316 1770 3365 videtur
1819 3316 2155 3380 Hipparchum
2194 3316 2392 3380 legenti.

58 3430 59 3455 ἕ
138 3386 200 3434 Et
237 3387 489 3435 manifeste
528 3385 745 3449 Scaliger
781 3386 908 3436 hanc
957 3401 1154 3437 causam
1193 3386 1388 3451 allegat,
1426 3390 1574 3437 initio
1613 3391 1747 3437 enim
1786 3390 2024 3452 inquicnS.
2079 3389 2202 3438 Mihi
2242 3404 2392 3440 causa

58 3456 62 3534 ἢ
141 3465 216 3508 est
250 3460 445 3507 minime
485 3459 761 3507 verisimilis
812 3473 928 3523 prae
965 3458 1050 3509 illa
1087 3462 1258 3523 prima
1335 3459 1453 3524 (Sed
1493 3462 1745 3511 considera
1793 3461 2002 3525 amplius
2040 3461 2266 3528 periodos
2308 3468 2390 3528 19,

60 3542 61 3548 ¹
145 3536 228 3593 76,
269 3531 412 3593 304.)

317 3601 503 3665 Quodsi
541 3603 845 3652 novilunium
872 3607 919 3656 8
946 3602 1085 3666 Julii‚
1125 3604 1311 3668 reliqua
1349 3607 1494 3669 igitur
1525 3612 1606 3657 10
1633 3607 1768 3670 Maji,
1816 3612 1896 3657 12.
1924 3606 2104 3671 Martii,
2148 3613 2229 3659 12.
2255 3608 2389 3674 Jan,

62 3676 66 3715 ¹
144 3690 272 3726 anno
311 3676 535 3738 sequenti
574 3678 621 3723 in
667 3681 710 3725 1.
750 3675 865 3726 Jan.
942 3676 1096 3739 Quasi
1134 3692 1288 3728 annus
1335 3679 1507 3730 ludicri
1546 3694 1642 3730 non
1690 3682 1881 3730 initium
1921 3687 2049 3733 esset
2087 3682 2391 3746 quadriennii

143 3747 218 3816 (ut
256 3751 304 3797 in
342 3750 716 3810 numeratione),
758 3749 844 3798 scd
882 3752 930 3797 in
968 3750 1077 3800 finc.

67 3861 69 3880 ,
318 3822 508 3886 Pergit:
548 3824 665 3870 Hinc
694 3831 855 3882 postea
886 3825 1173 3873 observatum
1205 3833 1286 3885 est,
1319 3833 1368 3874 ut
1397 3828 1674 3875 novilunium
1696 3830 1973 3891 Olympicum
2003 3846 2235 3893 nunquam
2264 3838 2389 3880 ante·

68 3895 70 3908 '
147 3902 344 3946 verteret
372 3898 414 3946 8.
438 3898 555 3945 diem
576 3897 777 3960 quintilis
799 3898 983 3948 Juliani.
1016 3897 1129 3949 Duo
1161 3898 1415 3963 probanda
1442 3906 1576 3951 sunt:
1615 3916 1691 3953 res
1719 3906 1767 3953 et
1793 3915 1942 3955 causa
1965 3904 2051 3956 rei.
2113 3904 2191 3956 De
2218 3918 2268 3955 re
2292 3906 2388 3957 sic:
