2652 4088
641 124 698 176 In
726 129 912 176 Librum
941 127 1176 176 Plutarchi
1206 128 1262 181 de
1291 124 1428 179 Facie
1458 124 1504 172 in
1537 123 1657 172 Orbe
1686 118 1859 172 Lunae.
2267 118 2372 178 115

121 278 292 333 Lunae,
322 278 457 323 etiam
478 277 875 336 propinquissimO,
908 275 1029 321 valet
1050 277 1185 322 etiam
1205 276 1262 322 ad
1283 274 1565 334 probandum
1586 273 1756 331 aliquid
1778 272 1994 330 amplius:
2029 273 2168 330 quare
2200 270 2374 316 scilicet

122 350 269 389 totum
291 343 452 389 Lunae
473 343 856 401 hemisphaerium
886 342 1034 388 radiet
1061 344 1108 387 in
1124 343 1324 400 Terram,
1356 342 1463 400 quia
1493 340 1665 386 scilicet
1686 339 1970 396 superficiem
1990 338 2131 384 habet
2151 349 2376 394 asperam.

297 409 366 454 67.
399 410 677 466 Responsio,
707 409 813 453 nixa
845 409 1086 453 emissione
1113 409 1362 465 radiorum,
1405 412 1475 453 est
1503 405 1650 462 nulla,
1683 410 1729 450 et
1757 405 1909 462 posita
1937 403 2211 462 receptione,
2243 402 2375 449 redu-

122 475 237 520 citur
267 474 326 519 ad
358 475 617 522 secundam.
675 475 833 521 Potius
866 475 983 519 enim
1015 474 1212 520 diceres:
1257 474 1435 519 radium
1467 471 1585 517 Solis
1617 484 1644 515 a
1664 471 1797 517 Luna
1827 471 2123 529 speculariter
2142 483 2378 529 repercus-

122 555 220 586 sum
270 541 385 587 adeo
425 541 522 588 fore
564 542 747 600 exilem,
790 547 842 587 ut
877 540 1022 586 visum
1062 554 1154 586 non
1195 540 1253 585 sit
1291 544 1520 597 moturus,
1566 551 1657 583 non
1697 537 1814 582 enim
1851 538 2070 584 infinitam
2111 549 2211 583 esse
2252 537 2377 583 visus

122 607 437 654 subtilitatem.
1703 628 1705 631 ·

297 675 366 721 68.
399 673 566 730 Quinta
595 673 855 730 responsio,
903 672 1109 717 desumta
1139 686 1166 716 a
1198 672 1343 729 figura
1381 671 1499 716 oculi
1541 671 1750 730 globosa,
1794 670 2026 716 reducitur
2065 670 2200 716 etiam
2230 669 2290 716 ad
2317 668 2378 727 id,

123 741 244 797 quod
286 741 379 785 dixi
417 741 476 785 ad
508 740 750 785 secundam
783 743 828 784 et
857 744 1076 794 quartam.
1136 738 1271 783 Valet
1301 738 1418 782 enim
1463 738 1518 782 de
1560 737 1735 794 speculi
1775 737 2076 812 globositate,
2114 742 2162 781 at
2202 749 2294 782 non
2325 735 2380 782 de

122 806 257 851 oculi.
315 807 403 850 Per
434 818 483 850 se
525 805 642 849 enim
683 804 796 848 nihil
833 803 943 848 facit
981 817 1129 861 neque
1160 804 1378 858 curvitas,
1420 816 1566 859 neque
1609 803 1780 848 cavitas
1814 803 1907 847 sive
1939 802 2078 859 oculi,
2118 803 2212 847 sive
2243 801 2379 847 etiam

122 872 316 946 speculi,
355 871 414 915 ad
443 871 561 914 vires
594 869 951 925 uniuscujusque
989 870 1227 945 singularis
1267 869 1398 915 radii
1458 870 1637 915 Accidit
1666 873 1816 913 autem
1846 868 1984 913 radiis
2027 867 2216 926 singulis
2248 867 2380 923 Solis,

123 939 169 982 in
202 937 386 1013 speculo
421 950 530 982 cavo
565 937 866 994 repercussis,
909 942 960 981 ut
990 936 1021 979 ii
1051 935 1206 993 plures
1239 949 1425 981 numero
1465 935 1736 992 colligantur
1766 934 1825 978 ad
1855 947 1993 978 unum
2024 931 2209 990 aliquod
2239 944 2381 989 punc-

121 1010 217 1049 tum
249 1010 295 1049 et
324 1005 371 1048 in
402 1016 455 1047 eo
488 1015 588 1047 sese
619 1008 777 1046 mutuo
810 1008 966 1048 secent
987 1015 1174 1058 eamque
1196 1002 1445 1046 sectionem
1468 1004 1773 1057 consequatur
1795 1000 1914 1044 ustio
1937 999 2154 1044 materiae
2174 999 2380 1055 idoneae,

120 1070 167 1114 in
200 1085 335 1127 quam
364 1069 520 1114 incidit
551 1069 765 1113 sectionis
796 1074 1027 1126 punctum.

297 1137 369 1183 69.
400 1135 704 1180 Posteriorem
736 1135 846 1180 dicit
878 1134 1194 1180 secundarium
1226 1147 1307 1179 seu
1337 1132 1573 1178 reflexum.

294 1204 363 1248 70.
395 1202 495 1245 Hoc
517 1199 659 1244 simile
680 1205 749 1245 est
766 1199 994 1245 dissimile.
1036 1201 1259 1245 Peccatur
1289 1199 1407 1244 enim
1429 1199 1563 1244 etiam
1592 1198 1639 1242 in
1662 1197 1788 1252 iride,
1820 1196 2057 1254 allegando
2079 1210 2171 1242 non
2193 1209 2375 1243 causam

120 1272 170 1312 ut
190 1280 384 1312 causam.
426 1266 593 1311 Iridem
614 1267 856 1311 secundam
879 1279 978 1312 esse
998 1266 1236 1324 imaginem
1268 1266 1439 1322 primae
1470 1270 1514 1309 et
1545 1264 1754 1319 existere,
1784 1263 1903 1309 nube
1933 1264 2099 1309 nubem
2130 1263 2373 1320 ambiente,

121 1333 306 1378 nimium
327 1333 460 1377 facile
482 1331 743 1376 conceditur
763 1332 1014 1378 Aristoteli.
1057 1331 1187 1375 Iridis
1211 1331 1327 1375 enim
1351 1330 1526 1375 colores
1558 1330 1772 1385 existunt,
1805 1330 1883 1373 ubi
1911 1328 2026 1374 radii
2058 1328 2176 1374 Solis
2207 1329 2254 1374 in
2284 1334 2383 1387 gut-

120 1404 211 1443 tam
241 1398 516 1455 pellucidam
547 1399 788 1443 rotundam
817 1397 982 1453 allapsi
1018 1395 1325 1454 refringuntur
1357 1395 1413 1440 ab
1445 1396 1610 1451 angulo
1643 1395 1838 1439 omnium
1869 1394 2088 1448 maximo,
2123 1393 2201 1450 qui
2230 1396 2384 1451 potest

126 1477 226 1510 esse
257 1465 303 1508 in
334 1478 467 1522 aqua..
527 1467 644 1510 Nam
688 1464 790 1522 quia
828 1463 874 1507 in
905 1462 983 1507 illa
1015 1461 1302 1507 extremitate
1334 1460 1658 1505 refractionum
1708 1460 1861 1517 anguli
1891 1459 2203 1517 praecipitatis
2233 1461 2381 1506 incre-

120 1530 284 1576 mentis
314 1529 507 1575 invicem
538 1531 801 1583 succedunt,
834 1527 887 1572 fit
918 1533 969 1571 ut
999 1526 1163 1584 prioris
1195 1527 1373 1584 angulis
1404 1526 1614 1571 refractis
1645 1527 1986 1572 accumulentur
2015 1526 2199 1571 refracti
2227 1531 2383 1584 poste·

121 1592 278 1655 rioris3
312 1611 369 1642 ex
400 1611 490 1654 qua
521 1596 880 1643 accumulatione
911 1594 1115 1653 refracti,
1147 1593 1205 1638 ad
1238 1593 1416 1638 oculum
1448 1593 1700 1638 allabentes
1733 1591 1789 1637 ab
1821 1592 2117 1650 unaqualibet
2146 1593 2381 1638 individua

126 1661 320 1723 guttula,
353 1676 469 1720 quae
502 1678 601 1708 cum
634 1662 738 1706 Sole
771 1662 1112 1707 convenientem
1143 1660 1266 1718 apud
1298 1660 1477 1706 oculum
1507 1659 1675 1706 format
1706 1660 1940 1717 angulum,
1973 1659 2149 1705 colores
2178 1659 2280 1705 illos
2315 1673 2385 1706 se-

124 1741 226 1772 cum
258 1726 478 1773 deferunt.
541 1728 594 1772 Id
636 1728 831 1785 probare
864 1729 1126 1785 expeditum
1158 1735 1227 1773 est
1259 1728 1396 1772 etiam
1440 1728 1562 1773 claro
1595 1726 1747 1784 coele,
1788 1727 1894 1772 Sole
1926 1727 2117 1784 oriente,
2165 1740 2388 1784 suspensa

121 1801 250 1850 gutta
281 1803 326 1839 et
357 1796 458 1840 loco
492 1795 759 1839 obumbrato
802 1802 908 1852 post
947 1800 1140 1851 guttam.
1198 1795 1303 1839 Jam
1335 1809 1440 1840 vero
1472 1794 1636 1840 accidit
1675 1795 1723 1838 in
1755 1793 2012 1851 sphaerulis
2055 1798 2286 1850 guttarum
2314 1808 2385 1839 ro-

125 1861 293 1917 tundis,
325 1867 375 1906 ut
405 1861 521 1906 radii
554 1861 669 1905 Solis
700 1875 791 1905 non
823 1861 955 1907 solidi
985 1861 1212 1917 trajiciant
1243 1866 1440 1919 guttam,
1486 1861 1566 1906 sed
1595 1861 1761 1918 partim
1792 1860 1974 1917 quidem
2003 1860 2253 1919 trajiciant,
2285 1874 2387 1918 par·

123 1923 203 1967 tim
234 1938 339 1970 vero
372 1939 397 1970 a
429 1926 666 1982 superficie
697 1930 789 1970 tam
823 1939 1024 1972 convexa
1055 1927 1317 1985 ingressuri,
1351 1941 1487 1984 quam
1518 1937 1627 1972 cava
1657 1926 1836 1984 exituri,
1868 1927 1991 1971 intus
2022 1928 2388 1983 repercutiantur

124 1992 469 2048 repercussique
507 1993 554 2036 in
593 1992 683 2037 alio
715 1998 883 2049 puncto
916 1993 1172 2050 superficiei
1211 1999 1377 2039 exeant
1418 2006 1574 2039 versus
1609 1991 1801 2039 oculum.
1866 1994 1976 2038 Cum
2007 1994 2145 2050 igitur
2177 1995 2254 2039 alii
2284 1994 2385 2040 aliis

124 2059 305 2115 saepius
335 2058 454 2105 idem
486 2073 651 2116 corpus
683 2064 837 2115 guttae
868 2058 1107 2115 trajiciant,
1140 2059 1322 2116 saepius
1355 2058 1491 2104 etiam
1523 2065 1830 2116 attenuentur,
1863 2061 2031 2117 quippe
2061 2060 2267 2117 pluribus
2297 2065 2388 2107 tra-

124 2124 413 2182 jectionibus,
447 2125 730 2171 obscuriores
760 2125 893 2169 etiam
924 2123 1120 2169 reddunt
1151 2124 1277 2169 iridis
1310 2138 1419 2170 suae
1451 2124 1637 2182 coleres.
1679 2126 2009 2182 Argumentum
2033 2126 2231 2185 evidens,
2266 2128 2389 2184 quod

130 2191 176 2235 in
209 2192 405 2237 secunda
436 2192 549 2237 iride
582 2193 732 2237 adhuc
763 2204 852 2236 una
874 2191 1158 2248 repercussio
1183 2191 1487 2236 coloratorum
1510 2191 1711 2251 accedat,
1743 2199 1816 2239 est
1847 2193 1948 2250 hoc,
1981 2195 2103 2250 quod
2133 2194 2179 2238 in
2201 2208 2255 2239 ea
2276 2194 2391 2239 situs

125 2257 326 2302 colorum
358 2262 426 2303 est
458 2258 735 2316 contrarius,
780 2258 914 2315 quale
953 2258 1061 2314 quid
1093 2258 1229 2303 etiam
1269 2272 1409 2317 supra
1439 2259 1485 2304 in
1527 2257 1830 2317 duplicatione
1865 2260 2153 2316 speculorum
2183 2260 2391 2306 accidere

129 2321 332 2367 vidimus.
394 2323 519 2368 Talis
551 2338 656 2370 vero
689 2324 908 2380 guttulae,
943 2337 1059 2380 quae
1093 2325 1274 2382 saepius
1304 2338 1599 2382 repercussos
1630 2327 1755 2373 intus
1787 2327 1845 2372 ad
1878 2327 2057 2372 oculum
2088 2327 2266 2372 mittere
2285 2338 2391 2384 pos-

127 2388 205 2446 sit,
249 2390 385 2435 situm
424 2390 650 2435 diversum
681 2390 737 2434 ab
768 2390 867 2445 illa,
911 2404 1025 2448 quae
1069 2390 1386 2447 simpliciorem
1415 2390 1572 2448 mittit,
1613 2404 1714 2438 esse
1752 2406 1942 2439 necesse
1984 2399 2067 2438 est.
2127 2393 2284 2439 Nubes
2315 2393 2390 2438 hic

125 2462 230 2514 post
259 2456 419 2501 iridem
450 2462 495 2502 et
527 2456 646 2501 circa
685 2462 809 2501 stans
850 2456 962 2500 nihil
994 2456 1116 2501 aliud
1148 2456 1235 2501 nisi
1265 2456 1478 2502 tenebras
1509 2463 1714 2514 praestat
1750 2458 1862 2504 locis
1894 2463 2122 2515 guttarum
2152 2459 2391 2515 utriusque

32 2513 33 2517 ¹
72 2543 74 2547 ⁷
127 2523 295 2567 ordinis
327 2524 577 2580 requisitis,
619 2536 675 2567 ne
707 2536 786 2567 eae
817 2523 1055 2568 videantur
1086 2532 1244 2568 contra
1275 2524 1449 2569 clarum
1481 2529 1526 2568 et
1557 2523 1675 2570 Solis
1708 2525 1847 2570 radiis
1880 2525 2195 2582 splendentem
2227 2527 2391 2571 aerem.

127 2588 300 2644 Quodsi
328 2596 484 2646 guttae
526 2590 654 2647 ipsae
684 2587 942 2634 individuae
973 2588 1323 2634 refractionibus
1357 2594 1402 2634 et
1431 2590 1773 2647 repercussibus
1818 2593 1911 2638 suis
1943 2605 2035 2636 non
2067 2595 2391 2648 componerent

126 2658 363 2711 utramque
393 2655 573 2711 iridem,
617 2660 662 2699 et
701 2654 790 2698 alia
820 2654 1001 2710 quidem
1042 2655 1182 2699 series
1213 2660 1445 2710 guttarum
1475 2656 1758 2710 interiorem,
1799 2657 1890 2702 alia
1929 2657 2066 2702 etiam
2106 2657 2389 2715 exteriorem,

126 2731 208 2775 per
239 2732 301 2776 se,
335 2720 432 2764 sine
463 2720 725 2777 adjumento
758 2721 813 2765 ab
846 2720 1050 2765 interiori
1075 2720 1170 2777 jam
1192 2722 1410 2767 formata:
1444 2722 1570 2766 nulla
1591 2735 1791 2779 unquam
1821 2723 2051 2768 videretur
2073 2721 2152 2767 iris
2176 2721 2393 2779 secunda,

125 2783 237 2828 nihil
274 2786 348 2831 hic
387 2792 540 2843 potest
569 2799 863 2843 repercussus
909 2788 1080 2844 primae
1120 2788 1165 2831 in
1198 2788 1317 2832 nube
1357 2787 1597 2834 ambiente.
1658 2791 1720 2833 At
1750 2801 1898 2844 neque
1938 2788 2216 2845 compactior
2246 2787 2392 2833 nubes

129 2856 218 2905 est,
260 2865 375 2908 quae
407 2853 666 2898 interiorem
699 2853 882 2898 exhibet
918 2853 1076 2897 iridem
1119 2854 1312 2899 ambitus
1354 2853 1650 2910 angustioris,
1696 2854 1808 2899 nihil
1846 2854 1955 2900 facit
1997 2854 2111 2899 haec
2141 2853 2391 2911 phasmatis

130 2918 340 2972 angustia
379 2918 437 2962 ad
468 2919 683 2963 materiae
726 2914 1051 2965 densationem.
1117 2919 1274 2964 Visum
1316 2921 1498 2976 quidem
1528 2921 1574 2966 in
1607 2920 1821 2968 exteriori
1850 2920 1993 2976 magis
2026 2919 2215 2965 distrahi
2247 2924 2294 2965 et
2325 2917 2391 2964 sic

135 2980 371 3038 debilitari,
407 2984 555 3029 dicere
586 2985 734 3042 potuit
755 2985 1040 3042 Aristoteles,
1074 2985 1152 3042 qui
1184 2987 1469 3032 emissionem
1499 2987 1730 3032 radiorum
1763 2985 2007 3042 statuebat,
2041 2985 2154 3031 dixit
2173 2984 2219 3030 id
2239 2989 2391 3030 tamen

131 3050 336 3106 speciose
367 3050 523 3107 magis,
557 3063 691 3106 quam
724 3063 925 3095 nervose.
979 3050 1104 3096 Nihil
1136 3051 1253 3096 enim
1284 3066 1340 3097 ne
1364 3052 1436 3096 -sic
1468 3053 1649 3109 quidem
1683 3051 2071 3098 demonstraverit.
2123 3050 2186 3094 Et
2217 3048 2391 3094 colores

51 3099 53 3127 ³
129 3113 254 3159 iridis
286 3116 522 3172 utriusque
563 3131 662 3161 cum
695 3131 777 3163 sua
810 3115 1064 3161 differentia
1103 3116 1322 3162 claritatis
1356 3123 1460 3162 sunt
1489 3119 1612 3163 reale
1644 3118 1774 3177 quid,
1816 3129 2102 3174 nequaquam
2132 3127 2238 3160 vero
2268 3112 2392 3159 visus

0 3194 2 3201 ·
53 3174 57 3227 ἶ,
104 3193 273 3238 'opusz
319 3182 511 3240 pingunt
554 3184 672 3228 enim
714 3197 762 3228 se
801 3197 891 3227 non
922 3189 1099 3227 tantum
1130 3183 1175 3227 in
1209 3183 1362 3239 ocu10,
1409 3182 1487 3227 sed
1521 3185 1655 3230 etiam
1687 3183 1733 3227 in
1763 3182 1869 3228 albo
1900 3181 2075 3239 pariete
2104 3181 2151 3225 in
2182 3177 2392 3225 obscuro.

2 3722 12 3795 ζ’
66 3730 136 3805 ’“’,

115 3771 409 3833 {exteriorem
440 3786 540 3819 esse
571 3774 811 3831 superficie
843 3773 1082 3831 speculari.
1134 3773 1228 3817 Imo
1261 3770 1515 3829 refragatur
1547 3786 1722 3822 sensus.
1763 3774 1921 3820 Nubes
1944 3773 2076 3832 enim,
2109 3788 2224 3831 quae
2244 3773 2394 3821 locum

8 3902 12 3911 Ι
68 3841 93 3890 ’.
113 3842 282 3890 :munit
311 3841 437 3899 iridi,
466 3843 711 3887 tenebrosa
743 3854 845 3886 cum
876 3842 935 3888 sit
967 3839 1231 3899 admodum,
1264 3838 1395 3896 copia
1424 3843 1652 3896 guttarum
1684 3843 1887 3898 constat,
1919 3852 2108 3898 quarum
2140 3840 2230 3886 alia
2259 3840 2394 3886 aliam

131 3245 275 3289 Paulo
316 3248 457 3303 magis
500 3248 557 3293 ad
595 3249 742 3294 lucem
787 3250 932 3305 ipsam
965 3248 1082 3293 Solis
1116 3248 1392 3303 quadrarent
1422 3249 1558 3294 verba
1588 3249 1685 3305 illa,
1731 3247 1853 3303 quod
1885 3260 1939 3291 ea
1969 3246 2014 3291 in
2045 3244 2250 3291 interiori
2278 3243 2394 3289 iride

59 3356 61 3361 ,
132 3310 192 3355 sit
222 3313 522 3368 compactior:
554 3321 724 3371 posset,
757 3314 955 3369 inquam,
989 3315 1025 3358 si
1048 3315 1191 3359 nubes
1223 3320 1273 3359 ut
1303 3319 1446 3359 totum
1470 3315 1639 3372 aliquid
1670 3315 1884 3359 formaret
1905 3313 2074 3367 iridem,
2110 3315 2191 3357 aut
2208 3311 2250 3357 si
2268 3308 2394 3356 iridis

133 3379 327 3424 circulus
359 3385 480 3424 esset
509 3394 536 3424 a
568 3380 734 3425 circulo
767 3393 871 3423 orae
903 3378 1037 3424 Solis.
1099 3380 1161 3424 At
1192 3393 1282 3423 non
1315 3384 1407 3437 cst,
1448 3379 1619 3426 fallitur
1649 3387 1695 3425 et
1725 3380 1799 3424 hic
1829 3378 2126 3436 Aristoteles,
2159 3376 2242 3423 sed
2273 3389 2392 3422 com-

63 3493 65 3501 ,
133 3445 317 3504 ponitur
345 3444 423 3488 iris
456 3457 510 3489 cx
543 3446 682 3502 guttis
714 3444 1130 3501 innumerabilibus,
1163 3445 1354 3489 eundem
1385 3445 1518 3491 situm
1551 3444 1608 3489 ad
1632 3445 1782 3491 Solem
1814 3450 1860 3490 et
1892 3444 2073 3489 oculum
2103 3442 2393 3506 habentibus,

64 3542 66 3553 .
135 3511 258 3568 quod
291 3524 391 3555 cum
423 3509 504 3555 flat
535 3512 842 3567 circumcirca,
885 3524 1071 3556 necesse
1103 3517 1197 3565 est,
1243 3510 1456 3555 circulum
1500 3510 1599 3554 fieri
1631 3524 1712 3555 seu
1743 3509 1874 3555 basin
1906 3509 2028 3567 coni,
2071 3508 2204 3567 cujus
2234 3514 2392 3555 vertex

12 3599 14 3603 ·
67 3629 69 3642 ζ
136 3578 321 3634 oculus,
366 3576 543 3622 etiamsi
574 3577 650 3623 Sol
690 3576 966 3633 triangulum
998 3577 1068 3622 vel
1098 3577 1306 3622 columna
1337 3581 1470 3621 esset.
1536 3575 1753 3623 Omnibus
1783 3575 1920 3633 igitur
1957 3574 2102 3622 modis
2135 3574 2394 3634 exploditur

8 3652 13 3665 ¹
80 3646 81 3649 ’
109 3649 223 3690 ’vox
253 3649 499 3702 compacta.

311 3709 463 3753 Gratis
497 3708 632 3753 etiam
664 3708 894 3764 asseritur,
931 3719 1014 3752 nec
1045 3711 1290 3752 attestante
1322 3706 1435 3761 visu,
1468 3708 1633 3753 nubem
1664 3711 1773 3754 tunc
1794 3721 1820 3754 a
1841 3707 1961 3753 nube
1984 3706 2142 3753 ambiri
2161 3712 2208 3754 et
2227 3706 2393 3754 nubem

1983 3912 2044 3960 8*
