2652 4088
329 151 401 207 88
1182 146 1453 193 Plutarchus
1489 149 1544 194 de
1574 149 1710 194 Facie

333 313 454 364 quas
493 297 613 346 duas
646 299 927 359 superficies,
959 297 1038 346 vel
1067 300 1298 358 imagines,
1333 297 1412 347 vel
1442 301 1585 348 latera
1600 293 1682 362 ²⁷).
1735 296 1788 347 Si
1813 298 1958 360 igitur
1982 295 2227 345 radiorum
2267 296 2354 345 alii
2379 294 2575 359 quidem

329 380 462 423 recta
497 370 560 418 ad
596 383 685 417 nos
722 376 1011 431 reccurrunt,
1051 369 1134 417 alii
1175 385 1288 418 vero
1328 370 1390 418 ad
1429 370 1682 420 alterutras
1718 367 1882 434 partes
1909 370 2214 432 speculorum
2251 371 2573 431 impingentes

330 458 515 494 rursum
554 441 666 490 inde
702 442 973 492 referuntur
996 442 1057 491 ad
1082 456 1186 502 nos,
1227 457 1323 491 non
1361 445 1450 491 erit
1487 443 1734 506 possibile,
1776 443 2063 504 aequalibus
2100 443 2290 505 angulis
2328 441 2430 490 fieri
2470 456 2577 490 om-

334 533 419 566 nes
457 515 772 576 reflexiones3
811 530 957 578 quam
997 514 1190 577 quidem
1215 515 1528 564 reflexionum
1553 514 1917 565 universitatem
1959 514 2029 561 illi
2068 529 2164 563 uno
2206 529 2285 563 ore
2311 514 2576 574 clamitant,

330 590 426 637 illis
463 588 582 650 ipsis
620 587 956 636 effluxionibus
995 588 1203 648 luminis,
1246 603 1372 650 quae
1411 603 1441 636 a
1471 589 1609 638 Luna
1646 590 1693 636 in
1721 589 1918 636 Terram
1957 588 2187 647 feruntur,
2227 587 2576 649 aequalitatem

334 660 620 723 angulorum
658 660 882 722 adimere,
923 661 1252 709 existimantes
1290 661 1417 709 hanc
1445 664 1709 719 angulorum
1727 663 2045 719 aequalitatem
2082 661 2226 723 longe
2265 661 2378 723 plus
2404 661 2575 709 mereri

330 733 442 783 fidei
481 746 625 796 quam
665 731 810 780 illud:
851 735 968 780 Solis
998 734 1150 779 lumen
1176 749 1202 779 a
1222 736 1353 780 Luna
1382 736 1427 780 in
1459 737 1643 780 Terram
1673 737 1844 781 reflecti
1860 729 1942 798 ²3).

503 804 686 854 Verum
725 807 851 854 enim
878 818 994 853 vero
1021 805 1061 852 si
1090 806 1283 852 omnino
1310 805 1404 853 hoc
1429 805 1796 866 gratificandum
1836 812 1908 854 est
1931 807 2241 868 geometriae,
2281 819 2377 853 non
2406 819 2578 867 parum

329 876 490 927 hercle
527 878 669 926 nobis
710 880 910 936 amicae,
950 883 998 925 ct
1036 879 1075 924 si
1116 877 1327 926 dandum
1368 879 1584 926 omnino:
1624 881 1830 940 primum
1870 882 2161 927 conveniens
2200 883 2286 937 est,
2328 893 2357 926 a
2397 877 2576 926 talibus

330 951 540 1015 speculis
593 951 831 1017 confluere
878 949 1066 1011 radiOS,
1116 965 1241 1012 quae
1289 953 1385 999 sint
1430 953 1531 998 suis
1568 951 1847 999 laevoribus
1886 959 2109 1000 accurate
2147 952 2386 1014 perfecta3
2438 950 2578 998 Luna

329 1038 446 1073 vero
487 1023 666 1072 multas
706 1024 854 1072 habet
891 1023 1265 1085 inaequalitates
1306 1030 1352 1072 et
1389 1025 1703 1086 asperitateS,
1744 1025 1908 1086 itaque
1947 1025 2023 1084 fit,
2063 1031 2116 1072 ut
2153 1024 2274 1072 radii
2313 1039 2343 1072 a
2379 1037 2577 1086 corpore

331 1111 509 1160 magno
548 1096 809 1145 admodum
850 1096 1023 1159 allapsi
1064 1098 1112 1143 in
1152 1096 1491 1145 altitudinibus
1529 1096 1626 1144 illis
1664 1111 1973 1159 nequaquam
2011 1096 2398 1157 contemnendiS‚
2453 1110 2577 1157 quae

331 1185 439 1219 sese
485 1175 653 1218 mutuo
704 1169 987 1218 collustrant
1034 1171 1337 1232 invicemque
1388 1171 1720 1218 transmittunt
1765 1178 1931 1232 aptum
1976 1170 2163 1230 lumen,
2217 1176 2268 1218 ut
2307 1172 2340 1216 ii
2380 1171 2579 1231 inquam

332 1243 460 1292 radii
495 1241 803 1292 reflectantur
842 1243 1065 1290 omnibus
1102 1242 1259 1290 modis
1298 1250 1345 1291 et
1378 1245 1554 1291 circum
1578 1257 1685 1291 sese
1711 1244 1956 1292 insinuent
1981 1245 2222 1305 istamque
2250 1242 2579 1291 collustratio-

333 1331 443 1366 nem
482 1317 640 1379 ipsam
678 1316 771 1364 sibi
810 1316 902 1378 ipsi
942 1322 1255 1376 connectant,
1308 1323 1539 1377 tanquam
1580 1331 1639 1364 ea
1675 1315 1876 1364 ferretur
1913 1316 1975 1365 ad
2014 1331 2103 1364 nos
2142 1331 2171 1364 a
2209 1316 2428 1379 plurimis
2466 1329 2581 1378 spe-

334 1385 546 1454 culis29).
622 1388 812 1438 Deinde
853 1390 997 1437 etiam
1037 1390 1075 1436 si
1118 1391 1165 1435 in
1206 1391 1312 1451 ipsa
1349 1389 1490 1438 Luna
1528 1389 1814 1437 reflexiones
1851 1396 2121 1438 statuamus
2162 1388 2450 1451 aequalibus
2489 1403 2581 1436 an—

333 1462 482 1526 gulis,
535 1476 631 1510 non
682 1461 981 1524 impossibile
1031 1468 1127 1522 est,
1180 1462 1342 1510 radios
1389 1477 1474 1524 per
1524 1467 1712 1510 tantum
1758 1463 2066 1511 intervallum
2114 1461 2300 1510 delatos
2348 1461 2580 1509 flexiones

333 1536 568 1584 sustinere
607 1540 655 1584 et
694 1535 984 1583 offensiones
1010 1536 1318 1583 circumcirca
1337 1531 1422 1595 30),
1464 1540 1512 1583 et
1550 1536 1619 1583 sic
1657 1539 1976 1598 compositum
2018 1537 2155 1598 quasi
2197 1549 2301 1583 esse
2341 1540 2389 1582 et
2415 1534 2582 1596 splen-

336 1608 449 1658 dere
503 1603 768 1670 lumenssl).
846 1606 1079 1655 Nonnulli
1130 1610 1276 1656 etiam
1328 1607 1494 1670 figuris
1543 1607 1808 1656 linearibus
1861 1608 2218 1667 demonstrant,
2272 1606 2401 1670 quod
2443 1607 2582 1654 Luna

332 1681 488 1730 multa
527 1695 723 1728 suorum
759 1681 996 1727 luminum
1035 1682 1083 1727 in
1122 1680 1319 1729 Terram
1361 1680 1584 1729 demittat
1622 1682 1667 1726 in
1707 1680 1860 1742 linea,
1901 1697 2027 1743 quae
2066 1682 2156 1730 sub
2196 1680 2421 1729 inclinem
2460 1680 2580 1727 sub-

332 1760 474 1805 tensa
510 1755 589 1802 sit.
643 1752 932 1802 Construere
959 1767 1073 1802 vero
1115 1753 1488 1803 delineationem
1526 1755 1651 1803 inter
1687 1753 2000 1817 loquendum,
2042 1761 2088 1803 et
2127 1754 2220 1803 hoc
2257 1756 2378 1802 inter
2405 1753 2583 1801 multos

336 1840 672 1890 congerroneS,
710 1840 806 1874 non
847 1831 949 1874 erat
985 1826 1262 1889 expeditum
1278 1821 1361 1890 32).

507 1899 566 1947 In
603 1901 882 1948 universum
920 1913 1035 1947 vero
1074 1902 1233 1956 miror,
1273 1902 1357 1960 ait,
1398 1898 1528 1961 quod
1567 1899 1803 1947 bisectam
1831 1899 1998 1947 Lunae
2025 1902 2237 1961 speciem
2262 1901 2311 1946 in
2344 1913 2432 1946 nos
2458 1899 2584 1947 inci-

337 1978 470 2036 tant3
508 1970 631 2021 hae'c
671 1974 796 2020 enim
835 1987 933 2020 uua
972 1987 1079 2021 cum
1118 1974 1268 2035 gibba
1307 1979 1354 2021 et
1393 1986 1499 2021 cum
1531 1972 1829 2020 corniculata
1855 1971 2021 2019 incidit
2039 1969 2119 2037 83).
2173 1973 2296 2021 Nam
2325 1974 2365 2020 si
2394 1972 2583 2020 Lunam

337 2045 424 2097 Sol
461 2045 755 2094 illuminaret
792 2051 846 2093 ut
884 2046 1061 2094 molem
1101 2046 1314 2108 aliquam
1355 2045 1614 2094 coelestem
1653 2052 1736 2093 aut
1776 2047 1983 2107 igneam,
2023 2059 2119 2093 non
2144 2046 2437 2108 relinqueret
2474 2060 2584 2093 um-

337 2120 535 2168 brosum
575 2124 621 2168 et
658 2118 840 2166 lumine
881 2133 1070 2167 cassum
1112 2120 1215 2181 ejus
1256 2118 1390 2182 globi
1427 2120 1676 2167 semissem
1717 2118 1778 2166 ad
1818 2133 2026 2178 sensum,
2068 2119 2153 2167 sed
2192 2121 2398 2182 primum
2438 2123 2584 2180 atquc

340 2191 418 2241 vel
472 2191 644 2240 leviter
698 2193 853 2255 ipsam
908 2194 1172 2255 tetigisset,
1228 2198 1381 2240 totum
1435 2192 1539 2253 ejus
1591 2193 1841 2240 circuitum
1894 2190 2083 2254 impleri
2136 2194 2428 2241 conveniens
2483 2196 2586 2239 erat

342 2271 389 2314 et
425 2279 511 2328 per
557 2271 710 2313 totam
749 2266 882 2328 pasci
919 2263 1120 2326 lumine,
1184 2279 1573 2327 quaquaversum
1624 2264 1876 2313 incedente
1933 2270 2128 2328 propter
2175 2265 2443 2327 agilitatem
2497 2279 2583 2313 seu

334 2338 707 2402 proclivitatem.
782 2338 906 2385 Nam
956 2339 1109 2387 sicubi
1168 2341 1331 2386 vinum
1386 2340 1687 2386 extremitate
1727 2353 1815 2386 sua
1852 2339 2064 2401 tetigerit
2102 2354 2310 2401 aquam,
2362 2344 2409 2387 et
2446 2343 2585 2400 gutta

339 2412 590 2473 sanguinis
629 2412 679 2457 in
718 2410 966 2459 humorem
1008 2411 1193 2474 delapsi
1244 2413 1407 2459 statim
1459 2417 1613 2459 totum
1655 2410 1924 2471 decolorat,
1975 2414 2174 2473 sanguis
2216 2414 2334 2474 (que
2374 2411 2584 2460 colorem

338 2499 480 2532 suum
519 2483 672 2544 diluit,
713 2483 891 2543 factus)
932 2499 1202 2547 purpureus
1222 2480 1310 2551 ³⁴).
1386 2484 1553 2546 Ipsum
1594 2498 1708 2532 vero
1748 2487 1908 2532 ae‘rem
1956 2484 2094 2546 ajunt
2132 2499 2227 2532 non
2266 2486 2314 2531 in
2354 2484 2584 2532 fluxioni·
2639 2483 2644 2491 '

335 2558 429 2606 bus
469 2555 777 2619 quibusdam,
817 2571 974 2618 neque
1013 2556 1159 2605 radiis
1185 2558 1447 2619 permixtis,
1489 2556 1576 2606 sed
1603 2557 1918 2605 conversione
1945 2563 1991 2605 et
2017 2560 2417 2606 transmutatione
2445 2557 2583 2605 subi-

339 2635 486 2679 tanea
523 2643 554 2676 a
590 2629 770 2677 lumine
810 2629 1027 2690 alterari3
1069 2628 1312 2692 quomodo
1352 2635 1526 2691 putant
1562 2629 1723 2678 lumen
1751 2629 1998 2689 alumine,
2041 2630 2175 2679 sidus
2215 2647 2244 2679 a
2284 2631 2438 2679 sidere
2477 2637 2582 2680 tac-

339 2708 464 2763 tum,
516 2715 611 2750 non
651 2701 723 2749 illi
762 2704 1059 2750 commisceri
1111 2717 1267 2764 neque
1307 2702 1636 2750 confusionem
1676 2704 1777 2765 pati
1815 2717 1900 2765 per
1937 2709 2089 2751 totum
2131 2711 2179 2752 et
2217 2706 2584 2753 transmutatio-

338 2791 464 2837 nem,
503 2774 589 2823 sed
628 2775 888 2823 illuminari
927 2775 1033 2824 sola
1071 2774 1155 2823 illa
1193 2775 1602 2837 superficietenus,
1644 2790 1769 2837 quae
1807 2775 1970 2823 lumen
2008 2779 2234 2837 attigerit.

516 2846 672 2908 Quem
710 2848 836 2896 enim
876 2847 961 2897 Sol
1000 2850 1199 2897 circuitu
1250 2862 1339 2895 suo
1380 2848 1609 2896 circulum
1662 2848 2027 2896 illuminationis
2079 2864 2163 2912 per
2202 2850 2390 2898 Lunam
2430 2852 2584 2913 agitat

344 2927 392 2971 et
430 2922 766 2982 circumvertit,
809 2922 891 2983 qui
930 2921 1052 2969 alias
1091 2921 1319 2970 coincidit
1355 2934 1461 2968 cum
1503 2935 1584 2980 e0,
1626 2922 1709 2983 qui
1749 2921 1976 2969 discernit
2012 2924 2259 2971 semissem
2299 2924 2404 2985 ejus
2443 2924 2584 2972 nobis

343 2995 656 3056 conspicuum
682 3008 712 3041 a
737 2995 936 3042 semisse
975 2993 1222 3053 invisibili,
1264 2993 1385 3042 alias
1423 3008 1475 3041 se
1516 2995 1655 3055 erigit
1693 2993 1755 3042 ad
1793 3000 1949 3042 rectos
1978 2995 2198 3057 anguIOS,
2239 3003 2291 3044 ut
2317 3003 2448 3045 secet
2473 2996 2584 3046 illos

342 3069 570 3116 semisses
609 3067 920 3129 vicissimque
959 3073 1148 3116 secetur
1186 3066 1247 3114 ab
1286 3065 1396 3126 illis,
1438 3071 1486 3114 et
1524 3067 1604 3128 qui
1631 3068 1831 3115 variatis
1859 3067 2250 3117 inclinationibus
2283 3069 2583 3118 habitudini-

342 3141 531 3203 busque
569 3141 722 3204 partis
759 3139 950 3188 lucidae
989 3140 1051 3188 ad
1090 3139 1365 3187 umbrosam
1401 3145 1733 3201 repraesentat
1758 3140 1931 3201 gibbas
1970 3147 2017 3188 et
2044 3142 2364 3191 corniculatae
2403 3144 2451 3190 in
2477 3145 2585 3206 ipsa
2647 3133 2652 3181 Ᾰ

345 3213 522 3276 figuras
562 3211 631 3279 (hi
668 3215 866 3275 inquam
907 3213 1099 3270 circuli,
1146 3213 1239 3260 hae
1280 3212 1518 3260 sectiones
1559 3218 1607 3260 et
1643 3212 1735 3261 hae
1773 3213 1975 3276 figurae)
2030 3214 2150 3262 nihil
2187 3218 2342 3278 magis
2382 3215 2585 3265 demon-

343 3292 510 3346 strant,
550 3302 696 3349 quam
733 3286 840 3347 hoc,
882 3285 1012 3348 quod
1049 3300 1145 3334 non
1172 3285 1255 3334 fiat
1282 3286 1558 3333 commixtio
1598 3287 1843 3344 (confusio)
1880 3285 2129 3347 luminum,
2168 3288 2255 3337 sed
2280 3288 2438 3338 nudus
2464 3303 2584 3338 con·
2640 3305 2652 3354 ‘1

344 3365 502 3407 tactus
538 3362 698 3406 Lunae
729 3375 756 3406 a
786 3361 953 3406 lumine
986 3361 1120 3418 Solis3
1157 3364 1205 3407 et
1242 3357 1372 3421 quod
1410 3355 1698 3405 illuminatio
1738 3357 1906 3407 Lunae
1944 3373 2040 3407 non
2069 3363 2301 3410 consistat
2338 3363 2386 3408 in
2426 3362 2583 3412 collu-
2644 3367 2646 3371 ’

343 3435 501 3480 centia
547 3433 663 3478 Solis
695 3439 740 3478 et
769 3427 1038 3498 Lunae-²⁵⁵),
1090 3431 1176 3480 sed
1224 3431 1272 3479 in
1330 3430 1833 3479 circumillustratione
1849 3426 1938 3498 ³⁶).
2036 3431 2279 3494 Quoniam
2331 3449 2447 3484 vero
2485 3449 2583 3484 non

350 3509 536 3552 tantum
574 3503 875 3552 illuminatur
911 3506 1045 3567 ipsa,
1097 3503 1183 3553 sed
1221 3505 1366 3552 etiam
1405 3503 1500 3552 huc
1538 3502 1599 3552 ad
1636 3517 1725 3552 nos
1764 3502 1970 3552 demittit
2007 3506 2278 3568 splendoris
2313 3509 2392 3557 sui
2429 3509 2584 3557 simu-

345 3576 543 3637 lacrum,
583 3582 719 3625 tanto
756 3577 912 3639 magis
951 3580 1145 3639 insuper
1182 3575 1460 3640 suppeditat
1495 3577 1672 3624 rationi
1699 3576 1845 3624 robur
1871 3578 2246 3629 confirmationis
2283 3581 2410 3631 circa
2444 3595 2584 3630 suam

346 3649 684 3698 substantiam.
753 3649 878 3697 Nam
918 3664 948 3698 a
984 3651 1105 3698 raris
1145 3655 1191 3699 et
1227 3651 1443 3699 tenuium
1480 3651 1689 3712 partium
1726 3649 1868 3697 rebus
1906 3650 2041 3700 nulla
2077 3651 2131 3700 fit
2165 3652 2386 3716 reflexio,
2425 3668 2582 3717 neque

349 3720 488 3769 datur
523 3721 684 3770 lumen
722 3737 751 3770 a
788 3722 982 3783 lumine,
1023 3728 1107 3772 aut
1144 3724 1270 3785 ignis
1308 3723 1369 3771 ab
1407 3724 1518 3784 igne
1555 3722 1792 3782 resilienS,
1832 3721 1955 3771 adeo
1981 3739 2040 3773 ne
2078 3726 2348 3789 imaginata
2387 3725 2584 3790 quidem
2618 3728 2628 3758 ·;

348 3794 442 3842 hoc
480 3799 553 3841 est
589 3793 744 3855 facile,
785 3794 871 3844 sed
909 3795 1240 3859 corpulentum
1279 3801 1327 3844 et
1364 3794 1564 3844 densum
1604 3799 1794 3858 oportet
1831 3810 1950 3857 esse,
1991 3797 2122 3860 quod
2159 3813 2495 3862 repercussum
2535 3805 2584 3850 et
2614 3828 2622 3843 ι

351 3867 603 3928 flexionem
651 3867 850 3930 efficiet,
897 3874 951 3918 ut
987 3869 1050 3926 sit
1097 3868 1234 3927 locus
1279 3869 1397 3920 ictui
1433 3869 1483 3918 in
1531 3869 1640 3940 ipso
1680 3873 1727 3918 et
1764 3871 2068 3933 repercussui
2106 3871 2168 3921 ab
2207 3873 2330 3943 ipso.
2407 3872 2583 3938 Itaque
2616 3884 2634 3929 J
