2652 4088
211 152 297 254 ¹60,
1025 203 1029 205 ·
1156 183 1187 231 J
1189 182 1347 237 oannis
1376 182 1583 243 Kepleri·

225 335 387 382 stantis
426 332 641 381 claritatis
684 344 872 390 necesse
912 338 982 381 est
1023 338 1276 379 evanescat.
1351 333 1474 380 Ecce
1504 338 1555 380 ut
1591 332 1724 379 anxie
1762 342 2089 391 praeoccupem
2126 341 2211 376 me.
2236 329 2480 388 corrigens,

225 418 284 450 ne
314 405 414 463 quis
446 415 518 448 me
547 400 748 457 nuperus
779 406 1010 457 spectator
1039 402 1199 444 harum
1228 412 1377 444 rerum
1408 413 1465 446 ex
1494 401 1628 448 Luna
1658 399 1871 459 delapsus
1903 403 2132 453 coarguat.

400 470 497 515 189.
533 467 689 523 Qualis
721 467 780 511 sit
811 473 1025 524 aspectus
1056 466 1243 510 umbrae
1272 465 1317 509 in
1350 465 1536 522 planitie
1565 473 1739 519 terrea,
1781 478 1915 522 quam
1946 463 2025 509 Sol
2061 463 2198 510 radiis
2231 463 2480 521 collustrat,

229 535 404 584 obvium
439 540 508 581 est
549 532 754 579 omnibus
792 532 989 590 experiri
1020 544 1078 575 ex
1119 530 1231 576 locis
1272 530 1405 576 editis
1448 532 1736 590 despiciendo
1767 533 1811 576 in
1843 529 2028 575 meridie
2060 530 2247 575 aestivo.
2308 529 2482 576 Eadem

225 602 342 647 enim
373 601 515 646 Terra
546 605 637 656 est,
682 613 817 657 quam
861 611 944 643 nos
984 595 1220 642 terricolae
1262 595 1318 640 de
1361 597 1618 654 propinquo
1659 603 1705 642 et
1735 597 1800 642 illi
1827 593 2053 642 lunicolae
2084 607 2111 640 e
2139 595 2387 653 longinquo
2416 597 2483 642 in·

224 672 412 713 tuentur
441 665 525 710 sub
557 665 737 710 nomine
767 663 952 709 Volvae.
992 661 1177 718 Nigrior
1204 666 1355 706 tamen
1386 662 1471 708 erit
1499 663 1626 708 locus
1649 663 1955 718 obumbratus,
1987 663 2168 719 quando
2198 662 2330 708 nobis
2360 676 2484 709 mera

226 746 315 777 nox
346 731 391 775 in
424 730 582 787 eclipsi
612 730 730 775 Solis
760 730 950 786 ingruit,
995 727 1115 786 quod
1147 727 1200 772 fit
1229 727 1454 774 interdum
1485 728 1542 773 ob
1573 728 1931 775 circumstantias
1961 727 2078 772 aeris
2109 727 2182 772 vel
2213 741 2351 775 aurae
2383 741 2482 773 coe-

222 797 348 843 lestis
381 796 501 842 circa
535 797 703 842 Solem.
762 796 877 843 Vide
909 795 1031 853 Epit.
1064 794 1322 840 Astronom.
1356 794 1551 851 Copern.
1581 795 1661 842 fol.
1691 796 1793 842 895.
1828 796 1942 852 (Vol.
1977 797 2052 841 VI.
2083 810 2125 848 p.
2158 795 2280 852 512.)

400 864 500 910 190.
533 864 596 909 Ut
637 876 776 921 supra
815 875 941 908 num.
974 860 1073 917 164,
1119 861 1217 917 169,
1259 861 1358 907 177.
1417 861 1534 905 Nam
1580 866 1626 906 et
1655 861 1822 906 Terrae
1862 860 2128 917 superficies
2173 867 2218 906 et
2260 861 2395 906 Luna
2422 859 2487 905 illi

227 936 491 989 superstans
522 943 680 978 versus
712 930 876 986 Solem,
910 934 957 974 et
986 928 1146 973 umbra
1175 928 1337 974 Lunae
1365 928 1412 973 in
1443 927 1728 986 superficiem
1751 927 1919 971 Terrae
1950 926 2159 985 demissa,
2190 940 2324 984 quam
2353 926 2486 985 fingi·

226 1009 326 1042 mus
357 995 581 1054 speculari
613 995 851 1051 lunicolas‚
883 1003 1124 1043 moventur
1152 997 1200 1042 in
1229 997 1410 1055 plagam
1442 1010 1576 1042 unam
1609 1002 1655 1042 et
1684 995 1889 1042 eandem.

401 1063 501 1110 191.
532 1063 647 1109 Vide
685 1063 917 1110 schemata
957 1063 1194 1121 eclipsium
1233 1063 1447 1109 solarium
1486 1061 1801 1108 universaliter
1840 1060 2238 1114 consideratarum,
2280 1062 2326 1106 in
2355 1059 2489 1106 vesti-

224 1129 344 1176 bulis
374 1129 726 1187 premeridum
758 1144 977 1177 mearum.
1040 1131 1156 1176 Nam
1187 1143 1242 1175 ea
1272 1137 1378 1176 sunt
1407 1129 1543 1188 plane
1575 1131 1836 1186 comparata
1873 1127 1930 1172 ad
1968 1127 2375 1185 repraesentandas
2406 1125 2490 1170 has

225 1194 524 1259 lunicolarum
570 1195 885 1252 eclipsationes
917 1196 1088 1242 Volvae
1129 1209 1261 1254 suae,
1305 1196 1473 1254 quippe
1513 1196 1648 1240 etiam
1694 1194 1739 1238 in
1778 1193 1867 1238 illis
1906 1193 2211 1240 schematibus
2254 1192 2411 1238 oculus
2442 1191 2490 1235 in

224 1262 357 1307 Luna
395 1273 498 1306 esse
534 1259 722 1316 fingitur
759 1262 1032 1308 necessitate
1062 1262 1512 1308 demonstrationum.
1571 1263 1789 1306 Sumatur
1825 1261 1966 1306 horae
1998 1260 2218 1317 spatium,
2255 1258 2492 1302 volventur

230 1328 285 1374 15
315 1327 484 1386 gradus
514 1328 772 1384 aequatoris
801 1330 1030 1374 terrestris
1060 1329 1106 1373 in
1136 1329 1284 1374 medio
1324 1328 1435 1375 disci
1467 1330 1635 1374 Terrae
1666 1328 1718 1372 A.
1781 1326 1989 1372 Semissis
2020 1339 2125 1372 vero
2166 1324 2297 1369 unius
2329 1322 2493 1371 aradus

229 1393 285 1438 de
318 1392 427 1438 orbe
457 1392 616 1438 Lunae
645 1391 858 1439 transibit
889 1400 934 1439 et
962 1394 1099 1451 paulo
1131 1394 1239 1451 quid
1271 1394 1464 1451 amplius
1487 1393 1696 1440 conficiet
1714 1392 1874 1438 umbra
1902 1393 2060 1438 Lunae
2091 1391 2135 1435 in
2168 1390 2291 1434 disco
2313 1388 2492 1445 Terrae,

228 1457 353 1503 verbi
382 1471 519 1502 causa
549 1457 638 1502 PG.
701 1458 790 1504 Sed
820 1473 938 1505 unus
970 1460 1170 1505 semissis
1201 1460 1247 1505 in
1280 1460 1388 1506 orbe
1419 1462 1577 1507 Lunae
1606 1465 1773 1517 aequat
1803 1458 1898 1504 fere
1929 1460 1986 1505 60
2018 1458 2229 1503 semisses
2260 1456 2307 1500 in
2338 1455 2492 1508 Terra,

230 1538 288 1570 ex
317 1522 608 1581 proportione
639 1522 958 1570 diametrorum
987 1525 1109 1583 globi
1141 1526 1308 1572 Terrae
1340 1533 1387 1574 et
1416 1527 1537 1572 orbis
1567 1528 1738 1573 Lunae.
1802 1523 1989 1581 Trajicit
2019 1536 2126 1577 ergo
2156 1520 2314 1567 umbra
2339 1520 2494 1566 Lunae

231 1590 306 1637 PC
335 1590 383 1634 in
413 1602 504 1635 una
534 1589 648 1634 hora
678 1593 871 1637 nostrati
903 1591 960 1637 30
991 1592 1183 1650 amplius
1223 1593 1389 1649 gradus
1431 1593 1691 1650 aequatoris
1722 1592 1951 1638 terrestris
1982 1591 2028 1634 in
2059 1589 2185 1635 disco
2217 1588 2409 1644 Terrae,
2447 1586 2498 1631 in

232 1669 324 1713 quo
361 1656 416 1702 de
447 1655 687 1714 superficie
717 1656 841 1714 globi
871 1657 1039 1704 Terrae
1070 1658 1155 1705 soli
1188 1661 1240 1706 15
1272 1659 1439 1718 gradus
1469 1659 1724 1719 volvuntur,
1757 1663 1804 1706 et
1834 1659 1899 1705 sic
1928 1656 2088 1703 umbra
2109 1656 2180 1701 CP
2212 1654 2351 1713 duplo
2383 1653 2500 1699 cele-

240 2769 334 2816 rior
373 2773 444 2815 est
484 2769 688 2826 partibus
719 2768 888 2814 Terrae
925 2769 1142 2827 proximis
1182 2775 1337 2816 centro
1375 2769 1488 2816 disci
1516 2773 1578 2827 A,
1610 2783 1726 2829 quae
1763 2769 1974 2817 lunicolis
2011 2770 2283 2827 objiciuntur
2314 2768 2502 2826 directe;
2548 2822 2549 2825 Ἴ

244 2834 659 2893 incomparabiliter
694 2847 801 2880 vero
839 2834 1027 2882 celerior
1068 2842 1139 2882 est
1179 2836 1336 2882 umbra
1366 2837 1410 2881 iu
1441 2837 1484 2883 R
1514 2837 1583 2883 vel
1614 2838 1665 2894 S,
1703 2837 1911 2895 partibus
1943 2837 2201 2894 aequatoris
2232 2837 2400 2882 Terrae
2431 2835 2505 2881 de·

243 2901 386 2960 vexis,
415 2902 462 2947 in
493 2902 543 2959 F,
563 2902 603 2947 G
633 2902 991 2948 extremitatibus
1023 2903 1135 2949 disci
1165 2903 1468 2961 aspectabilis.
1527 2960 1531 2963 .
2089 2928 2095 2935 ·

421 2969 519 3014 192.
551 2969 764 3015 Nondum
796 2976 904 3015 tunc
935 2976 1065 3016 erant
1094 2970 1342 3015 adornatae
1373 2970 1575 3016 Tabulae
1607 2968 1855 3027 Rudolphi.
1906 2970 2021 3015 Vide
2050 2976 2204 3016 tamen
2234 2970 2507 3029 anno1633,

243 3035 289 3082 8.
318 3035 488 3093 Aprilis
521 3041 566 3080 et
596 3037 637 3080 3.
669 3036 878 3082 Octobris
910 3038 1121 3094 exempla
1152 3036 1517 3093 conjunctionum
1546 3038 1750 3095 proxime
1781 3037 2070 3094 centralium3
2104 3038 2162 3083 ad
2193 3037 2404 3083 amussim
2435 3049 2507 3081 re-

241 3101 466 3159 spondent
494 3107 699 3159 tempora
730 3103 846 3159 (VII.
878 3120 924 3160 p.
956 3104 1094 3160 601.).
1155 3103 1244 3148 Sed
1275 3103 1553 3153 memineris.
1585 3117 1673 3160 quo
1705 3102 1882 3160 longius
1914 3115 1942 3148 a
1971 3109 2126 3148 centro
2157 3102 2321 3148 transit
2349 3100 2507 3148 umbra

241 3168 424 3226 Lunae,
455 3168 543 3214 hoc
573 3169 823 3215 breviorem
852 3170 950 3215 fieri
980 3184 1153 3216 moram
1186 3169 1283 3226 ejus
1315 3169 1360 3213 in
1393 3168 1532 3214 disco.

417 3234 519 3280 193.
549 3235 806 3291 Deliquium
836 3243 1019 3283 nostrae
1050 3237 1207 3282 Lunae
1248 3241 1317 3281 est
1345 3236 1553 3282 lunicolis
1595 3236 1840 3293 deliquium
1875 3233 2011 3280 Solis.
2069 3234 2131 3279 At
2161 3234 2324 3279 durare
2354 3237 2506 3291 potest

245 3298 426 3357 eclipsis
456 3302 613 3347 Lunae
643 3301 701 3347 ab
733 3302 860 3347 initio
892 3302 949 3347 ad
980 3303 1116 3348 finem
1145 3302 1282 3347 horas
1313 3308 1540 3347 nostrates
1571 3301 1613 3346 4.
1647 3302 1734 3348 20¹.
1797 3301 1913 3346 Tota
1943 3312 2049 3345 vero
2080 3301 2123 3343 in
2158 3301 2318 3345 umbra
2338 3300 2506 3345 Terrae

246 3374 447 3412 moratur
479 3368 616 3413 horas
648 3369 691 3415 2.
723 3369 786 3414 8¹.
844 3368 959 3412 Vide
990 3369 1114 3426 Epit.
1146 3368 1268 3413 Astr.
1301 3368 1492 3424 Copern.
1523 3366 1600 3414 fol.
1621 3367 1722 3413 868.
1748 3371 1867 3422 (Vol.
1889 3369 1959 3409 VI.
1993 3381 2038 3421 p.
2071 3366 2194 3423 501.)
2225 3366 2347 3422 Ergo
2371 3364 2506 3412 etiam

250 3431 460 3477 lunicolis
492 3433 569 3478 Sol
598 3433 787 3479 totidem
817 3433 942 3480 horis
973 3439 1097 3480 totus
1127 3433 1271 3478 latere
1301 3438 1469 3490 potest.

425 3500 519 3545 194.
556 3500 748 3545 Schema
778 3499 920 3546 habes
953 3500 998 3544 in
1029 3500 1203 3558 Opticis
1232 3499 1343 3544 meis
1377 3499 1526 3556 capite
1556 3497 1612 3542 de
1644 3496 1887 3554 eclipsibus
1916 3497 2089 3554 Lunae,
2121 3498 2167 3542 in
2201 3510 2290 3554 quo
2321 3508 2502 3553 reprae-

249 3563 424 3609 sentavi
458 3565 777 3611 refractionem
817 3565 1047 3611 radiorum
1077 3565 1195 3610 Solis
1233 3565 1281 3610 in
1319 3569 1422 3610 aere
1453 3565 1616 3610 Terras
1655 3562 1910 3615 amiciente,
1948 3563 2026 3608 ubi
2066 3564 2180 3609 radii
2218 3562 2401 3608 refracti
2440 3562 2505 3606 in—

247 3629 513 3686 grediuntur
539 3632 753 3678 terminos
783 3632 969 3678 umbrae
1000 3645 1028 3677 a
1058 3638 1189 3689 parte
1219 3646 1260 3676 v.
1292 3645 1333 3677 c.
1364 3630 1570 3676 orientali
1600 3628 2009 3685 continuanturque
2047 3643 2130 3686 per
2174 3629 2276 3675 coni
2305 3628 2506 3674 umbrosi

248 3693 598 3753 profunditatem
630 3703 676 3742 et
706 3704 874 3743 exeunt
904 3711 930 3742 a
960 3702 1089 3754 parte
1122 3696 1410 3742 occidentali.
1460 3696 1620 3753 Itaque
1650 3694 1780 3739 Luna
1810 3694 2046 3750 appellens
2077 3693 2134 3739 ad
2165 3693 2400 3740 terminum
2433 3706 2508 3738 oc-

250 3759 519 3806 cidentalem
549 3762 732 3807 umbrae
775 3764 933 3807 obvios
975 3763 1113 3808 habet
1153 3762 1304 3808 radios
1336 3761 1454 3808 Solis
1494 3761 1736 3814 refractos,
1776 3760 2007 3805 venientes
2039 3775 2066 3806 a
2095 3761 2296 3818 margine
2335 3761 2504 3804 Terrae

251 3827 474 3873 orientali.
523 3828 560 3872 Ii
591 3842 694 3874 vero
725 3830 839 3875 fiunt
879 3829 992 3874 radii
1030 3831 1178 3886 visivi,
1221 3834 1382 3888 putant
1417 3829 1555 3887 igitur
1594 3826 1832 3882 lunicolae,
1873 3840 1923 3872 se
1960 3826 2113 3872 videre
2152 3826 2418 3884 particulam
2450 3826 2507 3870 de

253 3893 359 3940 Sole
390 3893 654 3943 orientalem
690 3895 809 3942 ultra
851 3909 980 3943 suam
1008 3897 1220 3954 Volvam,
1265 3910 1366 3944 cum
1405 3902 1558 3941 tamen
1588 3893 1667 3941 Sol
1697 3893 1792 3940 fere
1831 3899 1955 3939 totus
1986 3898 2204 3952 appareat
2235 3891 2369 3937 etiam
2398 3895 2508 3938 ante
