2652 4088
261 173 368 233 278
830 138 1135 215 6(301100131103
1162 179 1220 214 ex
1250 141 1479 214 codicibus
1508 164 1897 214 Pulkoviensibus.

264 336 405 374 omne
429 321 577 383 igitur
599 317 838 369 ludicrum
861 321 984 368 inter
1010 323 1096 368 23.
1116 316 1152 366 J
1155 316 1240 367 ulii
1265 321 1314 366 et
1335 321 1419 366 22.
1446 314 1675 380 Augusti.
1715 317 1784 365 At
1807 315 1902 365 hoc
1925 314 2054 366 unde
2078 316 2228 366 habet
2252 316 2504 383 Scaliger?

265 396 386 459 Quis
423 392 657 454 affirmat,
708 406 818 441 cum
855 391 1087 441 Julianus
1125 404 1280 440 annus
1328 394 1444 438 tunc
1492 403 1591 438 non
1640 390 1784 439 fuerit
1829 391 1880 437 in
1916 388 2045 438 usu?
2107 390 2186 440 De
2224 404 2374 440 causa
2410 393 2502 442 sic:

259 467 421 533 potuit
455 465 510 515 id
543 465 646 515 fieri
683 479 783 514 non
818 469 1015 528 propter
1051 464 1259 527 primum
1295 462 1624 524 novilunium,
1673 462 1759 511 sed
1797 468 1994 525 propter
2042 462 2202 524 aliud,
2254 477 2322 514 sc.
2376 464 2507 526 quod

258 538 490 605 putarint,
528 537 599 587 ibi
626 552 732 588 esse
770 555 954 603 τροπας
977 541 1189 602 θερινας,
1230 549 1513 598 quanquam
1549 534 1829 584 incredibile
1858 535 1967 596 hoc,
2008 549 2123 598 ergo
2149 541 2346 599 propter
2372 550 2506 586 com-

263 611 551 663 moditatem
589 610 823 672 aliquam,
864 615 968 658 erat
1004 624 1053 658 n.
1092 614 1332 658 mercatus
1371 609 1519 657 etiam
1555 607 1689 672 apud
1727 606 2006 672 Olympiam
2047 622 2105 658 00
2145 615 2378 672 tempore.

431 683 580 734 Nota.
652 683 764 732 Non
803 684 1111 732 consentiunt
1147 683 1255 732 ista.
1330 680 1384 730 Si
1410 679 1718 745 Hipparchus
1753 680 2051 742 observavit,
2091 695 2219 730 anno
2257 696 2510 744 superesse

266 757 369 808 dies
409 760 467 820 8,
514 755 777 806 solstitium
812 757 960 818 igitur
997 757 1169 804 statuit
1203 756 1252 802 in
1293 757 1341 804 5.
1381 753 1506 802 Julii
1546 760 1762 817 tempore
1799 753 2042 803 Herculis,
2118 752 2204 802 Sin
2244 761 2408 804 autem
2447 757 2509 805 ob

259 830 456 882 solstitii
493 831 773 893 opinionem
798 827 1118 893 Olympiades
1156 828 1218 877 ab
1246 832 1296 877 8.
1322 825 1462 889 Julii,
1502 841 1616 890 ergo
1656 828 1885 875 statuitur
1923 827 2187 876 solstitium
2212 842 2308 876 non
2339 831 2384 877 5.
2424 828 2512 878 sed

261 907 312 952 111
351 907 402 953 8.
440 901 565 952 Julii
603 907 653 951 et
689 901 763 950 illi
805 906 941 951 1070
980 903 1097 950 anni
1132 906 1247 949 sunt
1281 905 1408 949 retro
1449 899 1741 949 extendendi
1778 914 1876 948 non
1914 900 1976 949 ab
2002 899 2286 964 Hipparcho
2324 900 2410 950 sed
2448 902 2511 950 ab

259 975 483 1026 Eudox0.
559 975 728 1037 (Anno
766 974 856 1024 Ch.
901 979 1056 1023 1600.
1102 978 1185 1024 11.
1209 972 1327 1022 Jun.
1365 972 1553 1034 merid.,
1597 977 1734 1021 1200
1777 971 1855 1023 die
1886 978 1984 1034 14„
2026 978 2129 1022 800
2170 973 2248 1023 1110
2277 979 2377 1035 17.,
2408 979 2509 1023 400

261 1050 340 1099 die
379 1053 479 1109 20„
521 1053 551 1097 Ο
592 1048 670 1097 die
711 1053 814 1110 23„
853 1053 967 1096 ante
1007 1047 1119 1098 Chr.
1161 1051 1425 1107 400—26‚
1468 1051 1733 1107 sco—29,
1777 1051 2040 1108 1200—2‚
2080 1044 2202 1109 Jul.,
2245 1051 2510 1110 1600-5,

261 1122 553 1183 2000-8.)
593 1120 750 1171 Aliter
787 1120 910 1170 haec
947 1119 1270 1170 examinanda
1309 1134 1368 1169 ex
1408 1119 1682 1169 Prutenicis
1721 1117 1784 1168 ad
1820 1125 2007 1169 motum
2045 1118 2331 1182 aequalem,
2372 1121 2513 1171 aliter

260 1195 324 1246 ad
360 1193 687 1258 inaequalem.
759 1193 1050 1244 Prutenicae
1089 1199 1138 1242 et
1173 1192 1320 1242 hodie
1359 1198 1408 1243 et
1446 1193 1672 1241 omnibus
1708 1192 1887 1242 seculis
1922 1199 2216 1256 promovent
2251 1194 2513 1244 solstitium

258 1267 472 1318 medium
509 1281 606 1316 uno
647 1267 724 1317 die
760 1265 986 1329 1111011113,
1034 1269 1132 1316 11110
1180 1267 1449 1329 antiquitus
1496 1266 1709 1327 1111011113,
1758 1266 1821 1315 ob
1858 1266 2093 1329 majorem
2131 1266 2288 1332 (tunc)
2325 1281 2514 1331 aequa-

261 1344 446 1393 tionem
483 1340 613 1390 Solis
651 1340 937 1392 ablativam.

431 1414 625 1478 Pergit:
668 1417 956 1475 Quapropter
983 1421 1203 1462 vocarunt
1231 1428 1332 1461 eam
1360 1429 1522 1471 τροπας
1553 1421 1761 1471 θερινας,
1792 1414 1839 1460 111
1871 1418 1942 1460 031
1961 1413 2224 1474 solstitium,
2253 1420 2307 1462 ut
2336 1427 2515 1473 semper

261 1483 533 1530 Aristoteles
564 1487 610 1528 et
641 1482 718 1527 alii
747 1495 904 1528 omnes
935 1486 1136 1539 veteres;
1167 1483 1277 1528 item
1307 1498 1486 1538 κεντρον
1514 1484 1712 1538 θερινον,
1742 1485 1963 1538 punctum
1996 1481 2252 1540 solstitiale,
2285 1481 2515 1528 cardinem

257 1555 532 1603 aestivalem.
607 1551 761 1615 Atqui
799 1550 922 1599 nihil
958 1551 1151 1614 scripsit
1193 1551 1476 1601 Aristoteles
1516 1549 1575 1599 de
1612 1549 1800 1599 ludicro
1830 1549 2108 1614 Olympico,
2147 1551 2262 1600 0131
2287 1551 2514 1615 scripsis-

256 1632 349 1688 set,
391 1624 636 1689 quomodo
674 1625 903 1689 probabit
940 1623 1185 1687 Scaliger,
1235 1639 1413 1675 nomen
1449 1623 1544 1673 1100
1582 1637 1688 1672 0330
1729 1623 1824 1672 diei
1865 1628 1912 1672 8.
1952 1622 2101 1686 Julii,
2153 1639 2260 1673 cum
2299 1622 2516 1674 nondum

258 1701 311 1748 in
349 1713 444 1748 usu
482 1704 613 1749 esset
650 1697 908 1748 Julianum
946 1696 1327 1748 Calendarium‘?
1396 1697 1557 1758 Pone,
1597 1698 1848 1759 scripsisse
1896 1695 2113 1759 aliquem
2152 1712 2210 1747 ex
2247 1697 2511 1759 veteribus,

258 1770 502 1822 ludicrum
542 1771 838 1821 celebratum
875 1787 997 1833 μετα
1035 1789 1220 1836 τροπας
1256 1777 1482 1837 θερινας,
1535 1768 1752 1819 nondum
1788 1769 1883 1818 1100
1920 1769 2206 1820 tantundem
2245 1776 2340 1833 est,
2380 1785 2438 1820 ac
2475 1773 2517 1819 si

257 1845 417 1907 111033,
469 1858 526 1894 00
567 1859 763 1906 11101130,
817 1845 901 1907 qui
939 1844 1108 1907 incipit
1144 1849 1256 1907 post
1297 1849 1344 1894 8.
1386 1843 1526 1893 Julii.
1611 1842 1736 1891 Nam
1785 1842 2172 1894 hecatombaeon
2223 1830 2536 1908 (Buntingo)‘
2628 1818 2652 1902 f

257 1924 416 1969 status
453 1917 547 1967 fuit
582 1919 781 1970 mensis.
855 1916 1038 1966 Probet
1075 1915 1322 1981 Scaliger,
1372 1915 1560 1965 nullum
1608 1914 2075 1966 hecatombaeonem
2113 1919 2352 1981 incepisse
2404 1922 2517 1966 ante

260 1997 308 2043 8.
347 1989 486 2053 Julii,
527 1993 624 2042 imo
665 1996 714 2042 et
751 1995 865 2040 ante
905 1989 1009 2039 Cal.
1049 1988 1191 2053 Julii,
1231 1993 1302 2041 sic
1339 1997 1525 2052 tamen,
1578 1995 1632 2038 ut
1671 1988 1774 2038 dies
1827 1991 2007 2039 mensis
2052 1994 2132 2041 15.
2176 1989 2371 2041 caderet
2406 1995 2518 2054 post
2606 1969 2647 2034 ’ἶ

257 2065 540 2116 solstitium.

431 2137 623 2202 Pergit:
661 2141 823 2199 Neque
852 2140 900 2185 in
930 2152 1048 2184 anno
1084 2138 1205 2186 civili
1235 2138 1388 2185 Attico
1427 2151 1509 2197 per
1538 2151 1703 2194 τροπας
1733 2142 1918 2196 θερινας
1956 2140 2081 2188 aliud
2110 2140 2336 2197 intellige,
2380 2153 2515 2197 quam
2602 2170 2606 2179 -

259 2219 466 2262 octavam
496 2213 614 2259 diem
644 2211 847 2270 quintilis
877 2210 1063 2256 Juliani.
1131 2207 1295 2259 Proba
1332 2209 1425 2259 hoc
1463 2208 1696 2271 Scaliger.

430 2283 624 2347 Pergit:
669 2285 820 2343 Quare
850 2284 955 2330 inde
987 2296 1170 2341 quoque
1200 2291 1369 2342 natum,
1401 2291 1452 2331 ut
1480 2285 1658 2330 initium
1679 2285 1838 2331 Cancri
1867 2299 1958 2332 non
1988 2293 2227 2342 vocaretur
2258 2286 2513 2344 solstitium,

259 2361 341 2408 sed
370 2361 602 2418 ingressus
636 2361 754 2407 Solis
785 2361 833 2406 in
865 2361 1102 2406 Cancrum.
1157 2356 1285 2406 Nolo
1326 2355 1533 2405 difficilis
1573 2370 1681 2405 esse
1721 2361 1768 2404 et
1794 2371 2032 2406 summam
2072 2358 2230 2422 deque
2270 2358 2515 2408 veteribus
2610 2395 2625 2402 *-

256 2428 592 2481 incredibilem
629 2427 946 2497 ἀκυρολογιαν
982 2431 1306 2495 interpretari:
1351 2429 1577 2496 „initium
1603 2425 1814 2490 cancri“,
1854 2429 2016 2479 locum
2041 2431 2242 2494 scilicet,
2282 2446 2371 2495 pro
2403 2432 2513 2495 „in-
2596 2448 2625 2459 ²

258 2518 428 2568 gressu
454 2502 584 2553 Solis
622 2505 672 2551 in
711 2504 891 2566 eum“;
931 2508 1052 2565 estc,
1091 2502 1211 2554 velit
1237 2502 1456 2566 Scaliger
1494 2503 1686 2550 initium
1713 2503 1828 2550 anni
1854 2506 2133 2554 cancrinum
2159 2504 2346 2567 dicere,
2390 2509 2511 2566 esto,
2601 2509 2621 2539 “·“

259 2592 359 2627 11011
397 2575 604 2626 dixerint
641 2576 904 2627 solstitium
948 2582 1163 2638 vetereS,
1219 2579 1304 2639 qui
1340 2574 1658 2625 attendebant
1696 2575 1760 2625 ad
1798 2575 2052 2627 Chaldaici
2092 2579 2308 2641 computi
2346 2577 2514 2626 solsti-
2607 2557 2621 2611 ³⁹

261 2652 404 2700 tium:
443 2664 560 2698 num
596 2648 707 2700 ideo
745 2649 1056 2713 Hipparchus
1094 2664 1192 2699 non
1231 2649 1354 2698 dixit
1390 2647 1654 2698 solstitium
1692 2649 1741 2696 in
1780 2649 1919 2698 initio
1946 2649 2159 2700 Cancri?
2196 2650 2512 2714 Hipparchus
2605 2684 2652 2718 ,3

265 2728 353 2785 est,
393 2724 476 2785 qui
513 2722 872 2785 animadvertit,
911 2721 1077 2772 Solem
1113 2722 1300 2786 ingredi
1340 2721 1578 2771 Cancrum
1619 2726 1647 2770 8
1691 2720 1862 2770 diebus
1900 2727 2013 2772 ante
2052 2739 2198 2786 quam
2238 2723 2514 2774 ostenderet
2606 2719 2646 2781 ³¹2²

263 2795 559 2846 Chaldaicus
603 2800 874 2858 computus,
949 2794 1046 2857 Qui
1095 2801 1206 2845 ante
1255 2794 1589 2858 Hipparchum
1633 2793 1850 2856 fuerunt,
1905 2794 1964 2844 de
2014 2798 2236 2860 ingressu
2283 2796 2414 2846 Solis
2464 2798 2514 2845 in

267 2869 507 2919 Cancrum
545 2867 739 2918 diverso
778 2883 809 2917 a
845 2867 1056 2918 solstitio
1082 2884 1144 2918 ne
1181 2869 1490 2917 somniabant
1528 2866 1751 2929 quidem,
1791 2866 1971 2916 nedum
2007 2876 2063 2918 ut
2099 2870 2379 2920 nominibus
2418 2870 2514 2919 ista

265 2942 631 3005 distinguerent.
684 2940 995 3004 Hipparchus
1032 2942 1179 3005 igitur
1214 2942 1413 3004 primus,
1452 2941 1494 2988 si
1535 2939 1638 2988 dies
1675 2945 1867 2989 nostros
1891 2940 2120 2991 Julianos
2159 2941 2511 3004 accommodes,

268 3015 442 3084 „VIIL
470 3014 574 3063 Cal.
603 3013 767 3076 Quint.
803 3016 1076 3077 ingressum
1102 3013 1229 3063 Solis
1268 3016 1318 3062 in
1345 3013 1582 3062 Cancrum
1623 3017 1669 3061 et
1707 3013 1971 3062 solstitium
1996 3017 2196 3065 verum“
2239 3016 2511 3079 adscripsit,
2587 3012 2597 3024 ”

264 3094 316 3138 31
353 3087 456 3137 Cal.
497 3086 661 3149 Quint.
699 3087 1015 3150 sequentibus
1053 3088 1315 3137 solstitium
1355 3085 1698 3146 Chaldaicum,
1750 3088 1975 3150 utrinque
2024 3087 2286 3138 solstitium
2323 3089 2512 3153 profes·
2598 3091 2602 3105 “

265 3176 365 3211 3113.
429 3159 482 3210 Si
507 3175 622 3210 vero
651 3159 952 3224 Scaligerum
990 3160 1069 3210 hic
1106 3161 1351 3224 sequaris,
1393 3157 1684 3208 credendum
1724 3161 1834 3221 erit,
1878 3164 2016 3210 1500
2056 3162 2196 3211 annis
2234 3168 2346 3212 ante
2383 3161 2511 3225 Hip·
2587 3168 2594 3180 ²

263 3233 520 3298 parchum,
571 3234 766 3297 quando
805 3233 1065 3282 solstitium
1104 3233 1282 3283 accidit
1320 3238 1369 3282 8.
1411 3231 1514 3282 Jul.
1553 3237 1679 3281 retro
1719 3233 2098 3297 accommodati,
2141 3236 2247 3299 Jam
2287 3235 2512 3284 distincta

263 3309 387 3357 11300
430 3307 589 3364 ,fuisse
638 3308 740 3356 suis
779 3307 1082 3369 nominibus,
1134 3322 1165 3356 a
1201 3305 1451 3370 Scaligero
1497 3305 1577 3354 hic
1613 3307 1808 3368 positis:
1845 3314 1923 3363 „ut
1960 3311 2141 3367 quidem
2171 3311 2371 3357 calendis
2401 3308 2511 3356 Julii

266 3383 345 3431 Sol
372 3387 611 3441 putaretur
646 3382 821 3439 ingredi
852 3382 1098 3439 Cancrum,
1140 3385 1299 3428 octavo
1339 3386 1491 3427 autem
1522 3381 1593 3426 die
1633 3380 1873 3427 solstitium
1906 3382 2108 3431 confici.“
2170 3381 2275 3431 Imo
2313 3381 2397 3431 fol.
2429 3383 2508 3430 15.

266 3452 484 3517 appellat
521 3457 569 3501 et
604 3451 699 3501 hoc
737 3451 998 3501 solstitium
1042 3453 1297 3515 „priscum
1338 3449 1647 3501 Cancrum“.

440 3525 632 3587 Pergit:
674 3527 822 3584 Quum
851 3527 991 3584 igitur
1013 3527 1110 3584 jam
1139 3541 1167 3572 a
1194 3527 1346 3585 prisca
1372 3525 1546 3583 epocha
1577 3523 1893 3582 olympiadum
1930 3540 2106 3585 semper
2137 3527 2287 3574 Solem
2322 3529 2369 3573 in
2397 3528 2509 3573 Cau-

271 3608 395 3640 crum
424 3593 600 3651 ingredi
633 3593 726 3639 Cal.
747 3593 897 3651 Juliis,
930 3594 1176 3639 solstitium
1205 3598 1355 3639 autem
1388 3590 1547 3636 confici
1576 3590 1617 3636 8.
1652 3591 1723 3637 die
1756 3593 2077 3651 existimarent,
2107 3594 2394 3640 manifestum
2424 3597 2506 3651 est,

269 3681 346 3714 eos
376 3668 527 3726 aliquo
559 3667 830 3725 astrologiae
858 3680 946 3712 usu
975 3665 1371 3723 perfusosssgfuisse.
1425 3660 1643 3722 Largior,
1684 3661 1958 3712 conditores
1984 3661 2311 3727 Olympiadici
2336 3660 2508 3710 ludicri

270 3739 472 3787 scivisse
511 3737 640 3787 diem
676 3737 886 3800 solstitii,
927 3738 1033 3786 sive
1070 3742 1262 3800 praeter
1299 3738 1495 3798 propter
1521 3747 1580 3782 ex
1604 3733 1861 3784 traditione
1900 3737 2114 3800 computi
2153 3734 2506 3785 Chaldaeorum

271 3815 320 3859 et
357 3809 709 3874 Aegyptiorum
747 3816 834 3860 aut
869 3815 1087 3860 veterum
1128 3809 1450 3868 Graecorum,
1501 3807 1606 3855 sive
1658 3810 1874 3857 exactius
1916 3824 1975 3857 ex
2014 3810 2352 3860 observatione
2389 3820 2505 3870 pro-

269 3883 377 3947 pria
411 3884 489 3934 sui
525 3885 770 3948 temporis.
830 3883 1014 3947 Patior,
1054 3887 1108 3932 ut
1147 3882 1233 3934 illa
1272 3880 1375 3931 dies
1415 3895 1473 3930 ex
1511 3883 1676 3929 nostro
1715 3883 1971 3933 recentiori
2007 3897 2102 3933 usu
2138 3886 2266 3932 retro
2305 3884 2502 3932 extenso
