2652 4088
788 149 792 153 ’
861 147 920 194 Π.
948 147 1175 195 Historica
1205 154 1251 195 et
1279 149 1575 209 Philologica.
2240 148 2347 204 213

272 294 393 344 Cum
424 297 559 365 enim
595 297 644 345 in
684 298 814 347 vitae
853 299 1116 360 mortisque
1154 299 1413 362 generibus
1439 299 1630 348 infinita
1654 299 1718 348 sit
1743 298 1969 359 varietaS‚
2010 311 2158 362 quam
2181 300 2346 348 varie-

97 373 246 419 tatem
285 368 535 419 intellectu
574 371 885 435 cogitatuque
923 368 1192 421 discernere
1229 373 1513 422 facillimum
1553 378 1647 434 est,
1688 386 1837 419 unum
1876 376 2044 420 eontra
2081 387 2236 436 genus
2274 377 2348 421 est

98 443 346 502 orationiS,
388 458 484 505 quo
524 450 741 492 mortuos
780 450 865 492 aut
902 450 1054 493 morte
1092 447 1475 495 necessariorum
1515 446 1773 494 destitutos
1801 445 1950 507 vulgo
1988 447 2344 508 prosequimur,

96 522 150 564 ut
186 516 247 563 iis
286 530 375 563 nos
414 516 673 566 condolere
713 516 930 566 dicamus
980 532 1125 580 super
1165 521 1342 568 amisso
1383 519 1493 578 1110,
1548 520 1629 581 qui
1669 518 1769 567 fato
1808 518 2000 567 functus
2039 524 2128 568 est.
2204 516 2344 568 Unus

95 590 240 636 etiam
280 588 505 652 idemque
542 596 712 651 gestus
751 595 850 650 est,
905 604 1001 652 quo
1054 606 1162 641 sese
1208 598 1382 654 gerunt
1421 592 1821 654 qualitercunque
1871 590 2204 640 defunctorum
2253 605 2344 641 ne-

95 662 321 710 cessarii:
361 665 443 724 qui
482 662 666 724 pullam
702 665 927 711 nimirum
966 670 1153 712 vestem
1186 665 1406 727 induunt,
1448 665 1636 712 vultum
1669 665 1849 725 velant,
1891 664 2021 713 elata
2053 679 2169 713 voce
2209 679 2346 713 com-

91 734 283 796 plerant
319 734 624 797 plurimaque
662 735 845 784 doloris
882 736 1173 786 documenta
1211 738 1374 786 edunt.
1438 738 1501 785 Et
1536 738 1684 787 habet
1724 737 1920 799 quidem
1960 737 2080 786 haec
2118 743 2344 799 gestuum

93 807 345 855 uniformis
383 808 669 870 simplicitas
707 823 846 857 suam
873 812 1248 870 excusationem,
1289 810 1418 874 quod
1444 811 1643 872 publica
1669 810 1820 857 veluti
1855 810 2112 872 disciplina
2139 816 2340 872 constet,

94 879 322 943 quodque
360 880 583 928 solennia
618 883 714 928 ista
750 883 918 944 populi
959 883 1309 932 consuetudine
1335 892 1530 946 recepta
1567 884 1689 944 legis
1716 889 1939 932 naturam
1963 883 2194 943 induant,
2235 897 2344 931 om-

90 967 275 1016 nesque
315 958 363 1000 et
397 952 617 1015 singulos
643 954 704 1001 ad
734 969 879 1003 unam
906 956 1206 1018 eandemque
1245 957 1449 1004 formam
1474 957 1869 1018 ceremoniasque
1909 959 2093 1018 patrias
2134 957 2346 1004 obstrin-

10 1023 13 1071 ἶ
91 1032 225 1090 gant,
265 1040 389 1087 quas
430 1027 513 1088 qui
554 1030 875 1088 contemserit,
915 1035 1002 1077 aut
1040 1029 1167 1077 elato
1207 1044 1357 1092 passu
1397 1029 1768 1087 conculcaverit,
1809 1029 2000 1076 etiamsi
2037 1028 2176 1090 Reip.
2203 1029 2347 1075 Prin-

93 1113 205 1162 ceps
244 1097 627 1160 amplissimique
666 1099 861 1162 Imperii
902 1102 1143 1149 Dominus
1179 1103 1345 1163 suerit,
1386 1110 1439 1150 ut
1478 1103 1593 1149 olim
1633 1101 1856 1149 Tiberius
1897 1107 2064 1161 matre,
2104 1108 2158 1148 ut
2198 1100 2346 1164 Caius

14 1224 15 1231 χ
92 1173 194 1221 filia
230 1172 432 1233 functis,
481 1171 719 1221 absurdus
773 1179 820 1221 et
858 1175 1069 1222 incivilis
1119 1174 1363 1237 officiique
1402 1175 1654 1236 negligens
1703 1175 1915 1221 omnium
1953 1174 2194 1235 suffragiis
2231 1189 2348 1236 pro-

94 1245 416 1294 damnabitur.
499 1244 696 1293 Scilicet
750 1245 871 1294 haec
933 1255 1128 1295 externa
1188 1254 1413 1310 gestuum
1474 1248 1634 1295 officia
1699 1247 2056 1309 verborumque
2124 1245 2347 1295 solennia

91 1320 391 1382 privatorum
443 1317 598 1365 oculis
650 1323 698 1366 et
741 1319 939 1366 auribus
994 1319 1252 1379 debentur,
1304 1335 1428 1382 quos
1477 1319 1736 1368 verisimile
1785 1326 1859 1368 est
1906 1325 2059 1368 morte
2113 1320 2348 1367 carissimi

16 1403 19 1442 's
91 1391 426 1441 vehementius
452 1405 557 1438 esse
583 1390 847 1452 perculsos.
911 1392 968 1439 In
1007 1393 1288 1442 funebribus
1328 1407 1443 1441 vero
1483 1391 1863 1453 laudationibus,
1904 1406 2030 1454 quae
2070 1391 2132 1440 ad
2158 1397 2347 1440 coetum

18 1469 20 1526 ᾗ
90 1467 371 1514 universum
409 1464 665 1526 pertinent,
709 1466 828 1512 vitio
868 1467 1037 1513 merito
1079 1465 1234 1527 datur,
1276 1468 1314 1514 si
1357 1465 1472 1528 quid
1513 1480 1542 1513 a
1581 1465 1856 1514 conditione
1894 1466 1977 1525 rei,
2030 1480 2175 1527 quam
2214 1465 2346 1515 cele-

18 1541 21 1559 ·
91 1537 322 1587 brandam
361 1538 685 1596 instituimus,
740 1538 801 1585 ad
853 1540 1154 1600 privatorum
1204 1538 1387 1588 luctum
1429 1538 1742 1601 doloremque
1783 1537 1994 1587 deflectit
2036 1538 2342 1589 declamatio,

21 1652 23 1660 .
89 1610 212 1660 Nam
262 1616 315 1658 ut
352 1623 539 1658 morum
586 1617 634 1658 et
687 1614 1064 1660 ceremoniarum
1112 1611 1384 1660 funebrium
1434 1611 1668 1675 populuS,
1724 1612 1794 1660 sic
1841 1613 2077 1660 sermonis
2125 1611 2339 1660 habendi

21 1704 24 1737 t
90 1690 251 1733 orator
289 1685 408 1746 ipse,
449 1698 591 1745 quem
632 1688 682 1731 et
707 1686 975 1746 sapientem
1004 1691 1052 1733 et
1077 1685 1418 1748 philosophiae
1446 1684 1715 1732 studiosum
1755 1699 1861 1732 esse
1889 1686 2129 1745 convenit,
2169 1686 2342 1733 unicus

21 1756 163 1807 ⁴*est
198 1759 427 1820 magister
466 1763 514 1804 et
552 1757 891 1806 conformator.
970 1757 1215 1819 Quantum
1256 1761 1403 1821 igitur
1441 1760 1639 1807 interest
1677 1759 1798 1806 inter
1838 1759 2109 1820 imperitam
2146 1757 2342 1820 plebem

24 1827 27 1878 ἶ
89 1836 139 1879 et
173 1829 533 1892 philosophum,
575 1829 848 1878 divinarum
886 1831 1303 1894 humanarumque
1341 1846 1497 1880 rerum
1537 1846 1766 1894 gnarum,
1807 1836 1995 1878 tantum
2034 1833 2180 1879 etiam
2219 1833 2344 1879 inter

62 1903 419 1960 -solennitates,
459 1903 596 1965 vulgi
634 1902 949 1952 delinimenta
988 1904 1253 1965 oculorum,
1295 1906 1514 1966 interque
1555 1907 1822 1953 orationem
1850 1904 2125 1952 erudiendis
2165 1905 2340 1953 animis

26 1987 29 2026 ¹,
89 1981 415 2039 comparatam
456 1978 687 2025 interesse
735 1991 823 2039 par
861 1984 959 2026 est:
1011 1983 1065 2025 ut
1115 1977 1211 2025 illis
1260 1977 1454 2039 quidem
1494 1978 1696 2027 affectus
1733 1979 2126 2039 moestitiamque
2165 1977 2341 2026 mulie-

28 2052 29 2060 ’
89 2048 221 2098 brem
259 2055 307 2097 et
343 2048 664 2097 lacrumarum
714 2050 892 2099 imbres
946 2050 1122 2111 oculis,
1177 2051 1577 2113 singultuumque
1618 2051 1869 2099 conflictus
1909 2051 2107 2098 auribus
2147 2051 2337 2109 obvim,

28 2124 31 2151 ³
87 2120 179 2170 hac
217 2136 332 2170 vero
381 2123 620 2170 sincerum
674 2124 821 2170 animi
871 2122 1023 2171 virilis
1067 2123 1306 2187 judicium
1344 2130 1390 2173 et
1428 2124 1540 2186 illa,
1591 2138 1715 2187 quac
1766 2122 1920 2172 solius
1968 2124 2142 2172 mentis
2183 2122 2340 2172 oculis

30 2198 32 2203 ’
87 2206 356 2259 cernuntur,
396 2197 735 2259 exprimamus.

257 2271 350 2320 His
390 2284 480 2332 ego
519 2269 790 2332 praeceptis
828 2269 1089 2318 instructus
1128 2269 1241 2318 dum
1269 2268 1330 2318 ad
1359 2269 1730 2332 descriptionem
1769 2270 1900 2317 vitae
1927 2269 2191 2332 mortisque
2218 2283 2341 2331 gen-

32 2349 35 2365 *
88 2345 186 2395 tilis
210 2346 375 2404 vestri,
414 2342 713 2405 Wolfgangi,
757 2341 880 2390 Gen.
909 2342 1141 2404 Barones,
1182 2345 1395 2391 animum
1421 2343 1630 2406 applioe,
1671 2357 1767 2390 non
1806 2341 2088 2390 facillimam
2115 2347 2342 2405 expertus

86 2433 192 2467 sum
231 2417 645 2476 deliberationem,
686 2415 1004 2477 lugubremne
1031 2430 1093 2463 an
1121 2415 1461 2479 triumphalem
1496 2417 1658 2478 potius
1684 2413 1941 2477 perorandi
1980 2417 2112 2463 viam
2149 2415 2339 2478 ingredi

35 2515 37 2527 ³
88 2490 378 2541 conveniat?
425 2489 551 2538 Nam
589 2490 644 2548 si,
685 2487 817 2550 quod
854 2488 1089 2551 praedixi,
1127 2489 1420 2552 respondere
1459 2488 1603 2537 debet
1642 2489 1796 2536 oratio
1835 2489 1934 2552 rei,
1974 2487 2096 2535 nihil
2134 2490 2183 2535 in
2222 2489 2340 2548 vita,

76 2563 207 2627 ,nihil
244 2566 292 2610 in
329 2570 483 2611 morte
522 2563 883 2624 generosissimi
921 2561 1097 2610 Herois
1135 2562 1312 2611 accidit
1348 2561 1688 2622 lamentabile3
1730 2562 1944 2609 continet
1969 2561 2054 2609 illa
2092 2561 2340 2610 felicitatis

89 2636 359 2685 mundanae
406 2650 515 2684 cum
554 2650 640 2698 spe
679 2635 870 2683 futurae
909 2635 1222 2697 conjunctae,
1271 2637 1483 2684 continet
1521 2637 1615 2683 ista
1653 2635 1782 2681 mitis
1823 2640 1871 2682 et
1909 2633 2139 2696 optabilis
2180 2636 2338 2682 exitus

89 2724 149 2759 cx
193 2709 285 2759 hac
329 2708 576 2757 mundana
638 2710 740 2756 vita
806 2710 1135 2771 transitusque
1183 2711 1230 2755 in
1283 2708 1543 2758 coelestem
1606 2707 1879 2769 exemplum
1940 2706 2337 2756 illustrissimum.

90 2782 207 2831 Erat
244 2785 338 2831 ista
375 2782 434 2831 de
472 2782 732 2844 superstite
771 2781 903 2829 fama
940 2782 1064 2830 inter
1101 2781 1502 2844 prudentissimos
1516 2819 1531 2846 ,
1581 2780 1751 2829 eadem
1790 2780 2090 2828 deficientem
2132 2781 2339 2829 comita-

88 2855 256 2917 batur,
305 2855 475 2904 eadem
525 2855 733 2916 denique
784 2861 832 2903 et
877 2860 1068 2903 mortuo
1116 2858 1364 2917 vitamque
1402 2855 1591 2903 felicem
1629 2853 1724 2902 fine
1762 2867 1860 2901 non
1899 2853 2027 2901 malo
2067 2854 2340 2901 terminanti

89 2935 331 2991 superstes
369 2928 511 2976 durat
548 2930 594 2975 in
636 2941 800 2975 corum
840 2929 1029 2988 animiS,
1070 2929 1151 2990 qui
1179 2930 1295 2976 vivo
1334 2927 1635 2975 familiariter
1673 2927 1748 2974 usi
1785 2931 1897 2974 sunt
1934 2927 2113 2988 quique
2152 2931 2339 2974 tantum

91 3014 200 3051 cum
237 3007 487 3051 noverant.
567 3000 787 3062 Cumque
825 3003 928 3049 vita
965 3000 1114 3049 functi
1155 3015 1230 3050 res
1270 3001 1506 3049 humanas
1545 2999 1780 3061 adjuvare
1819 2998 1960 3047 aliter
1996 3012 2091 3047 non
2132 2999 2337 3061 possint,

37 3057 43 3171 ι
90 3087 235 3136 quam
272 3074 493 3136 exemplo
531 3073 728 3131 relicto,
777 3073 906 3135 quod
949 3073 1027 3121 vel
1064 3079 1259 3122 moneat
1295 3074 1529 3122 salutaria
1569 3072 1646 3120 vel
1684 3071 1746 3120 ad
1787 3070 2085 3119 imitandum
2111 3076 2335 3133 posteros

38 3173 43 3200 2
90 3147 287 3197 invitet:
339 3145 612 3208 exemplum
652 3145 846 3207 quidem
884 3145 1049 3193 multis
1087 3147 1364 3194 nominibus
1405 3144 1928 3194 commendatissimum
1967 3146 2013 3190 in
2054 3143 2332 3192 adultorum

38 3201 44 3275 ἶ
90 3220 234 3282 inque
271 3222 516 3268 seniorum
555 3220 730 3267 animis
765 3218 923 3267 Heros
961 3224 1124 3267 noster
1160 3219 1367 3280 reliquit,
1410 3233 1499 3267 nec
1538 3218 1823 3266 intermittes
1852 3216 2166 3281 Helmharde,
2208 3214 2333 3265 Gcn.

90 3290 202 3341 Bar.
240 3294 416 3340 mortui
455 3292 625 3339 haeres
664 3292 819 3350 unice,
860 3290 1103 3352 quandam
1144 3290 1350 3353 exempli
1391 3290 1519 3338 illius
1559 3291 1817 3351 imaginem
1856 3289 2176 3337 marmoribus
2214 3290 2339 3338 inci-

92 3362 217 3425 dere,
259 3380 355 3427 qua
394 3365 500 3412 visa
528 3365 673 3411 etiam
712 3362 1061 3424 adolescentes,
1102 3365 1246 3411 etiam
1274 3364 1426 3425 pueri,
1468 3368 1515 3410 et
1542 3365 1623 3423 qui
1651 3367 1909 3410 nascentur
1933 3362 1995 3409 ab
2023 3360 2132 3422 illis,
2158 3360 2333 3411 futuris

43 3427 49 3516 ἶ,
92 3439 237 3486 etiam
275 3437 572 3499 temporibus
610 3437 930 3498 progenitoris
967 3438 1041 3483 sui
1068 3435 1388 3483 laudatissimi
1423 3434 1809 3483 commonetiant.
1860 3434 2146 3496 Exemplum
2174 3439 2337 3485 tamen

45 3522 51 3578 q
93 3509 213 3558 illud
260 3511 307 3556 in
357 3509 590 3557 memoria
638 3510 909 3567 seniorum,
960 3517 1204 3569 utcunque
1243 3507 1340 3555 fida
1379 3512 1629 3567 constans,
1670 3506 1840 3555 iisdem
1880 3509 2081 3555 mortuis
2122 3507 2336 3558 interibit

47 3579 52 3625 !
94 3589 206 3646 post
243 3596 395 3630 annos
433 3595 527 3628 non
570 3582 638 3628 ita
675 3579 878 3639 multos,
933 3580 1095 3641 imago
1136 3594 1250 3627 vero
1291 3580 1396 3642 ejus
1436 3594 1724 3640 marmorea,
1766 3578 1881 3641 quid
1921 3584 1995 3628 est
2032 3581 2123 3628 nisi
2162 3579 2335 3630 titulus

95 3656 268 3714 inanis,
309 3655 391 3716 qui
429 3654 633 3701 lectores
671 3652 784 3700 olim
822 3666 937 3699 suos
975 3652 1035 3698 ad
1076 3653 1401 3700 narrationem
1439 3653 1708 3711 seniorum,
1747 3666 1892 3714 quam
1932 3652 2013 3700 diu
2051 3652 2122 3701 illi
2160 3668 2335 3717 super-

95 3726 282 3786 fuerint,
323 3726 575 3777 remittat‘?
628 3725 797 3786 Itaque
837 3724 1051 3772 calamus
1091 3725 1136 3770 in
1163 3724 1550 3786 supplementum
1591 3724 1854 3784 vocandus,
1898 3727 2012 3784 vita,
2053 3740 2128 3776 res
2165 3732 2333 3790 gestae

98 3799 353 3863 obitusque
406 3798 726 3847 laudatissimi
778 3796 953 3846 Herois
999 3797 1151 3846 literis
1204 3797 1532 3859 consignanda
1587 3803 1724 3858 sunt,
1775 3804 1828 3846 ut
1878 3797 2090 3848 habeant
2136 3802 2332 3864 posteri,

54 3934 57 3942 r
99 3884 340 3935 quorsum,
379 3872 505 3923 lecto
543 3884 811 3921 marmoreo
848 3870 1004 3932 titulo,
1046 3870 1370 3934 cognoscendi
1407 3870 1671 3936 cupiditate
1707 3871 1907 3935 impleti,
1946 3886 2054 3923 sese
2079 3874 2330 3939 recipiant,
