2652 4088
273 196 379 254 152
690 164 696 171 ί
861 195 1145 244 Collectanea
1173 207 1230 242 ex
1259 193 1492 244 codicibus
1522 193 1915 243 Pulkoviensibus.

1258 353 1447 424 Caput
1495 350 1549 410 5.

948 467 1031 513 De
1066 467 1315 540 Numero
1354 468 1412 513 et
1445 465 1858 524 magnitudine.

446 565 503 615 In
543 565 783 616 divisione
822 572 1113 628 quantorum
1148 567 1304 629 primo
1342 565 1452 616 loco
1488 569 1629 630 ponit
1666 563 1955 614 Aristoteles
2011 563 2296 626 discretum,
2350 565 2522 617 deinde

277 642 572 690 continuum.
647 639 751 688 Nec
795 639 844 686 id
895 639 1085 701 injuria.
1160 639 1284 687 Nam
1324 638 1407 687 lib.
1451 639 1488 687 Ι.
1529 639 1746 701 Metaph.
1787 652 1893 700 cap.
1935 641 1982 686 5.
2022 652 2081 686 ex
2118 638 2338 699 professo
2378 640 2518 688 dicit:

271 716 395 762 inter
441 726 517 761 res
568 711 938 760 mathematicas
985 726 1211 760 numeros
1249 718 1423 760 natura
1469 714 1654 775 priores
1704 725 1826 761 esse.
1918 710 1978 758 Et
2015 709 2077 757 V.
2116 709 2267 773 Phys,
2308 726 2414 775 cap.
2457 718 2516 763 3:

274 786 458 835 numeri
499 790 611 832 sunt
651 788 797 833 etiam
837 786 958 848 λογῳ
997 799 1086 832 seu
1124 784 1403 834 definitione
1444 784 1523 833 vel
1558 786 1746 832 ratione
1783 784 1983 846 priores,
2062 783 2123 830 Et
2160 798 2293 843 sane,
2335 788 2376 833 si
2401 799 2523 833 con-

274 858 564 922 templamur
605 862 757 905 totam
796 871 955 906 rerum
994 858 1376 915 universitatem,
1417 857 1705 915 videbimus,
1744 855 1892 904 latius
1930 862 2098 918 patere
2124 870 2349 905 numeros
2378 873 2523 919 quarn

273 929 660 995 magnitudines,
712 929 952 992 siquidem
1007 930 1291 993 magnitudo
1339 944 1436 978 non
1474 930 1593 978 alibi
1633 935 1731 987 est,
1784 943 1930 990 quam
1981 929 2065 976 ubi
2110 931 2313 978 materia
2363 930 2525 979 locum

272 1004 450 1062 habet,
501 1017 728 1051 numerus
784 1016 898 1051 vero
951 1002 1169 1052 extendit
1215 1017 1267 1052 se
1306 1004 1452 1052 etiam
1491 1003 1554 1052 ad
1591 1000 1943 1050 immaterialia.
2019 1001 2143 1049 Nam
2194 1004 2283 1050 etsi
2321 1002 2443 1052 libro
2481 1003 2523 1054 I.

273 1076 423 1140 Phys.
464 1089 570 1139 cap.
616 1081 661 1123 7.
701 1077 954 1124 materiam
992 1075 1280 1125 Aristoteles
1331 1081 1479 1124 vocat
1516 1073 1813 1139 ἀριθμητην,
1866 1074 2240 1133 numerabilem,
2289 1076 2526 1138 atque‘id

273 1149 542 1212 Scheggius
582 1149 814 1211 interpres
852 1147 912 1196 de
940 1161 998 1196 eo
1027 1150 1383 1211 interpretatur,
1424 1147 1554 1211 quod
1592 1162 1844 1196 numerum
1883 1149 1932 1194 in
1969 1161 2044 1195 res
2069 1146 2271 1195 invehat
2295 1150 2520 1197 materia:

274 1229 438 1271 tamen
479 1221 588 1270 ideo
628 1235 723 1269 non
763 1223 1006 1284 sequitur,
1059 1236 1252 1270 omnem
1290 1236 1320 1269 a
1358 1223 1562 1270 materia
1598 1235 1851 1269 numerum
1899 1221 2029 1270 oriri.
2110 1220 2167 1267 Et
2217 1234 2391 1283 causa,
2442 1237 2526 1270 cur

272 1293 599 1344 numerabiles
647 1294 796 1343 faciat
834 1308 935 1355 res,
983 1300 1058 1343 est
1095 1296 1212 1357 quia
1248 1294 1365 1344 facit
1404 1294 1673 1344 divisibiles
1711 1295 1761 1340 in
1799 1300 1987 1356 partes,
2036 1307 2161 1355 quae
2215 1294 2526 1356 postmodum

275 1373 600 1418 numerantur.

447 1439 568 1489 Cum
622 1444 787 1488 autem
837 1439 974 1489 solus
1023 1453 1250 1488 numerus
1299 1455 1385 1503 per
1422 1455 1475 1489 se
1514 1454 1701 1503 suoque
1740 1452 1845 1489 esse
1894 1445 1943 1487 et
1992 1439 2146 1502 primo
2198 1441 2262 1488 sit
2313 1438 2522 1491 discreta

275 1515 539 1578 quantitas,
577 1512 785 1575 ideoque
823 1513 924 1574 illa,
964 1527 1090 1576 quae
1129 1527 1277 1575 supra
1312 1513 1371 1562 de
1410 1513 1618 1562 discreta
1656 1514 1929 1575 quantitate
1969 1511 2099 1560 dicta
2135 1519 2273 1573 sunt,
2312 1512 2408 1562 huc
2445 1528 2526 1562 re-

274 1586 473 1636 ferenda
511 1591 560 1635 et
597 1584 656 1635 de
694 1599 893 1635 numero
932 1585 1251 1648 intelligenda
1289 1593 1442 1646 erunt,
1483 1585 1615 1648 quod
1654 1600 1722 1636 sc.
1762 1588 1811 1632 in
1850 1599 2048 1632 numero
2083 1598 2180 1633 non
2221 1587 2377 1647 possit
2416 1588 2526 1649 quis

273 1659 630 1718 demonstrare,
681 1658 925 1720 quomodo
964 1658 1232 1721 particulae
1271 1660 1423 1721 ipsius
1462 1661 1608 1707 situm
1656 1658 1897 1720 quendam
1947 1657 2162 1707 habeant
2200 1658 2262 1706 ad
2302 1660 2526 1722 invicem,

275 1738 361 1782 aut
399 1732 484 1780 ubi
522 1732 646 1780 sitae
683 1733 807 1796 sint,
845 1738 932 1780 aut
970 1746 1210 1794 quaenam
1248 1731 1517 1794 particulae
1555 1731 1619 1780 ad
1657 1733 1864 1780 invicem
1904 1730 2215 1794 copulentur,
2269 1730 2353 1780 sed
2393 1733 2527 1780 ordi-

278 1820 392 1855 nem
429 1805 641 1852 numeris
667 1806 844 1852 rectius
869 1806 1160 1864 attribuetis,
1201 1817 1258 1853 eo
1286 1805 1416 1866 quod
1443 1804 1687 1867 quoddam
1718 1806 1851 1867 prius
1877 1805 1954 1862 sit,
1995 1803 2242 1865 quoddam
2267 1806 2525 1867 posterius·

447 1876 737 1939 Magnitudo
777 1891 921 1938 vero,
977 1891 1087 1926 cum
1138 1876 1245 1925 sola
1293 1892 1379 1940 per
1416 1893 1468 1926 se
1506 1892 1695 1939 suoque
1741 1891 1846 1924 esse
1885 1884 1932 1924 et
1979 1878 2132 1939 primo
2182 1879 2245 1924 sit
2297 1879 2529 1928 continua

276 1950 537 2013 quantitas,
576 1956 701 1999 teste
740 1949 1001 1999 Aristotele
1040 1949 1127 1999 VI.
1168 1949 1317 2014 Phys.
1361 1956 1421 2011 2,
1471 1952 1624 1998 omnis
1664 1948 1945 2012 magnitudo
1983 1955 2056 1997 est
2103 1951 2360 1999 continua:
2416 1950 2526 2001 ideo
2616 1965 2623 1982 ³

278 2029 553 2085 competent
592 2021 662 2070 illi
702 2025 976 2086 praecipue,
1017 2037 1141 2085 quae
1182 2022 1241 2071 de
1281 2025 1509 2071 continuo
1549 2022 1678 2071 dicta
1715 2028 1853 2082 sunt,
1895 2021 2025 2084 quod
2066 2036 2132 2072 sc.
2172 2022 2352 2072 habeat
2390 2037 2528 2072 com-
2616 2040 2619 2051 ·

275 2102 470 2144 munem
508 2097 786 2155 terminum,
839 2095 902 2144 ad
954 2110 1098 2158 quem
1150 2095 1434 2159 copulentur
1482 2102 1672 2160 partes,
1726 2102 1775 2144 et
1822 2094 1953 2157 quod
2000 2103 2162 2157 partes
2214 2096 2320 2158 ejus
2367 2095 2524 2146 thesin

276 2168 492 2218 habeant
539 2167 602 2217 ad
651 2170 883 2230 invicem,
938 2168 1187 2231 quaelibet
1238 2171 1364 2217 enim
1412 2183 1471 2217 ex
1508 2170 1728 2232 partibus
1767 2167 1948 2217 alicubi
1987 2170 2080 2216 sita
2127 2174 2223 2228 est,
2278 2175 2326 2217 et
2363 2176 2526 2232 potest

280 2243 389 2305 quis
427 2241 695 2304 intelligere
734 2248 881 2304 atque
922 2241 1149 2301 indicare,
1190 2242 1275 2290 ubi
1313 2241 1536 2305 singulae
1575 2244 1698 2292 sitae
1737 2242 1832 2290 sint
1858 2240 2204 2304 magnitudinis
2243 2243 2525 2304 particulae,
2616 2256 2637 2307 ᾖ

278 2322 326 2364 et
363 2314 425 2363 ad
465 2329 725 2377 quamnam
764 2313 964 2363 alteram
1003 2314 1290 2378 particulam
1331 2315 1631 2378 copulentur.
1707 2315 1763 2363 In
1804 2314 1972 2376 Categ.
2022 2328 2109 2377 pro
2151 2328 2270 2364 voce
2309 2315 2526 2379 copulari
2616 2318 2639 2379 j

278 2393 354 2437 est
392 2389 440 2435 in
479 2402 653 2450 graeco
694 2401 788 2435 vox
830 2405 1098 2445 συταπτειν,
1138 2390 1279 2449 quasi
1319 2388 1452 2437 dicas
1493 2390 1786 2451 contingere.
1863 2386 2171 2436 Definiuntur
2208 2394 2371 2436 autem
2405 2403 2524 2438 con·
2608 2387 2627 2454 J

274 2463 412 2522 tigua
464 2460 542 2508 vel
591 2462 922 2523 contingentia
971 2460 1095 2509 libro
1135 2460 1198 2509 V.
1237 2460 1387 2525 Phys.
1430 2477 1536 2524 cap.
1578 2467 1634 2521 3,
1686 2475 1889 2524 quorum
1928 2456 2073 2523 ἁκρα,
2126 2467 2364 2522 extrema,
2412 2469 2525 2510 sunt

274 2533 435 2581 simul.
510 2532 605 2580 Illa
644 2547 760 2581 vero
799 2532 943 2580 simul
982 2548 1088 2583 esse
1128 2533 1375 2595 dicuntur,
1417 2548 1542 2596 quae
1581 2535 1629 2580 in
1668 2548 1764 2582 uno
1802 2535 1958 2596 primo
1996 2533 2105 2582 loco
2143 2539 2281 2593 sunt,
2321 2537 2524 2584 seorsim
2613 2522 2625 2586 .⁴

280 2620 387 2655 esse
427 2604 534 2665 illa,
577 2619 702 2667 quae
742 2606 790 2652 in
831 2605 1024 2655 diverso
1064 2612 1176 2654 sunt
1212 2606 1336 2655 loco.
1378 2607 1574 2671 (Ibid.).
1649 2606 1820 2669 Itaque
1859 2604 2143 2667 magnitudo
2182 2607 2229 2652 in
2270 2621 2328 2655 eo
2368 2607 2524 2657 differt
2608 2604 2625 2646 ³-

279 2693 311 2727 a
347 2691 572 2737 numer0,
626 2677 757 2740 quod
808 2678 878 2726 illi
928 2681 1157 2741 competit
1203 2685 1455 2727 contactus
1503 2681 1607 2728 sive
1652 2680 2009 2741 contingentia,
2061 2692 2260 2727 numero
2311 2694 2423 2729 vero
2471 2698 2526 2731 το
2606 2679 2646 2743 ,2

275 2748 463 2815 ἐφεξης,
503 2750 598 2799 hoc
635 2756 733 2809 est,
773 2757 828 2799 ut
864 2750 926 2798 V.
964 2751 1114 2815 Phys.
1155 2765 1260 2814 cap.
1303 2758 1349 2801 3.
1392 2751 1624 2815 explicat,
1666 2753 1790 2800 inter
1827 2751 2186 2814 magnitudines
2224 2759 2386 2815 potest
2422 2768 2528 2803 esse
2611 2745 2652 2768 “’

275 2823 464 2886 aliquid
511 2822 847 2872 intermedium
887 2823 1063 2888 (omnis
1113 2825 1239 2876 enim
1289 2823 1419 2874 linea
1466 2831 1539 2873 est
1586 2824 1747 2874 media
1786 2826 1908 2872 inter
1945 2821 2164 2889 puncta),
2220 2840 2526 2875 numerorum
2609 2818 2650 2871 .·'

277 2910 395 2946 vero
434 2910 530 2945 non
570 2902 644 2944 est
682 2909 880 2945 necesse
919 2910 1026 2946 esse
1065 2896 1251 2959 aliquid
1290 2897 1643 2948 intermedium.
1694 2897 1819 2946 Nam
1857 2916 1912 2947 το
1937 2895 2110 2960 ἐφεξης
2148 2898 2227 2946 vel
2254 2900 2524 2961 proximum
2605 2908 2649 2958 ‚⁹

278 2968 454 3019 dicitur
490 2983 639 3018 unum
676 2969 792 3030 alio,
830 2970 955 3020 inter
993 2983 1118 3032 quae
1153 2968 1275 3018 nihil
1313 2969 1530 3032 ejusdem
1568 2972 1760 3033 generis
1799 2975 1872 3018 est
1912 2969 2262 3019 intermedium.
2607 2979 2613 2992 ¹

1255 3119 1445 3194 Caput
1494 3118 1548 3177 6.

1209 3235 1291 3280 De
1339 3233 1584 3280 Infinito.

445 3333 592 3383 Libro
612 3333 701 3385 III.
727 3333 878 3398 Phys.
907 3349 1013 3398 cap.
1037 3340 1084 3384 4.
1113 3334 1319 3384 affirmat
1346 3334 1649 3394 AristoteleS,
1684 3336 1754 3382 uti
1780 3336 1927 3384 etiam
1963 3334 2332 3385 mathematicos
2360 3338 2538 3389 consi-2-

275 3407 523 3457 deratione
550 3406 736 3454 infiniti.
792 3408 852 3454 Et
878 3407 1044 3457 definit
1068 3407 1117 3455 id
1144 3422 1249 3470 cap.
1281 3413 1327 3456 6.
1370 3407 1500 3469 quod
1527 3406 1763 3456 infinitum
1801 3410 1877 3467 sit,
1919 3407 2049 3470 quod
2074 3409 2339 3457 secundum
2364 3422 2537 3472 quan--¹

273 3482 462 3530 titatem
500 3486 769 3529 assumtum
794 3481 863 3528 ita
889 3496 996 3530 sese
1034 3481 1228 3541 habeat,
1269 3486 1324 3527 ut
1361 3495 1548 3543 semper
1585 3480 1768 3542 aliquid
1797 3483 2007 3529 exterius
2034 3483 2159 3528 sumi
2186 3484 2354 3543 possit.
2417 3481 2526 3532 Ita-‘-

275 3566 370 3615 que
408 3567 516 3601 cum
554 3566 658 3613 noe,
700 3552 759 3600 de
786 3555 996 3601 numeris
1035 3560 1083 3602 et
1106 3552 1520 3616 magnitudinibus
1545 3554 1830 3616 cogitantes,
1868 3567 2117 3616 nunquam
2141 3568 2275 3603 mens
2314 3552 2551 3618 deficiass'j
2584 3575 2585 3578 ¹
2614 3591 2637 3618 ,Δ

275 3626 389 3686 quin
443 3639 632 3686 semper
684 3631 732 3673 et
783 3627 959 3688 quovis
1006 3641 1204 3675 numero
1243 3626 1376 3688 pluS,
1431 3627 1605 3689 quavis
1658 3640 1773 3674 vero
1813 3627 2144 3689 magnitudine
2195 3627 2354 3689 majus
2401 3618 2596 3691 quitl‘s?v
2636 3672 2637 3676 ,

277 3698 490 3758 cogitare
529 3700 802 3761 possimus:
854 3713 912 3747 ex
951 3714 1008 3747 eo
1048 3713 1144 3747 non
1182 3699 1360 3761 injuria
1397 3698 1622 3747 videatur
1658 3699 1821 3757 alicui,
1863 3700 2147 3747 intinitatem
2187 3703 2432 3762 quandam
2469 3700 2518 3748 in
2622 3703 2627 3710 '

274 3771 486 3817 numeris
537 3776 585 3818 et
621 3770 1042 3832 magnitudinibus,
1075 3774 1247 3820 inesse.
1309 3771 1436 3819 Nam
1474 3773 1516 3818 si
1554 3769 1656 3818 ulla
1701 3772 1826 3819 inest
1872 3773 1920 3819 in
1960 3772 2105 3820 rebus
2143 3773 2316 3821 creatis
2355 3773 2517 3821 infini-

274 3847 376 3900 tas,
428 3840 487 3889 de
526 3856 623 3904 qua
659 3849 758 3891 tam
797 3842 949 3892 multa
987 3845 1235 3907 disputant
1273 3857 1438 3891 omnes
1477 3844 1574 3892 fere
1612 3842 1913 3906 philosophi,
1965 3843 2051 3893 illa
2089 3851 2215 3894 certe
2255 3847 2301 3892 in
2339 3859 2513 3907 genere
2594 3889 2599 3898 ,

275 3920 564 3987 quantorum
602 3917 924 3981 conspiciatur
959 3931 1156 3967 necesse
1194 3922 1284 3967 est.
1323 3916 1440 3978 (111.
1466 3916 1615 3984 Phys.
1656 3930 1761 3980 cap.
1792 3917 1860 3981 5.)
1925 3916 2184 3985 Quaeritur
2220 3919 2409 3985 itaque,
2448 3932 2512 3970 an
2587 3963 2589 3967 .
