2652 4088
1062 135 1098 180 I.
1131 133 1463 182 Mathematica.
1548 195 1550 197 ‚
2280 131 2382 187 189

47 275 58 311 ’ἶ
137 286 354 351 generati
391 285 537 334 solidi
575 285 638 334 ad
677 286 839 335 omnia
875 292 1059 348 puncta
1096 285 1303 335 laterum
1340 287 1389 333 in
1427 286 1536 335 basi
1563 283 1803 335 ducuntur
1828 283 2003 348 lineae,
2039 282 2232 346 rejectis
2261 296 2384 345 quae

55 360 58 363 ’
139 361 216 408 his
252 360 397 407 lineis
436 358 769 407 excluduntur.
846 358 1196 422 (Pyramides)
2159 370 2164 403 ι

316 431 447 493 Quot
482 438 596 480 sunt
631 431 787 481 latera
823 432 970 492 basiS‚
1012 438 1084 480 tot
1122 446 1253 479 nova
1291 437 1573 480 accrescunt
1609 430 1788 495 plana.·
1830 428 1965 479 Unus
2004 435 2191 479 tantum
2229 442 2385 491 angu-

140 505 218 553 lus
257 506 454 567 insuper
490 504 686 553 additus
734 519 880 567 super
926 519 1180 553 numerum
1218 504 1506 567 angulorum
1545 507 1593 552 in
1634 506 1756 553 basi.
1820 504 1895 552 Ex
1941 504 2066 552 cubo
2104 503 2226 552 fiunt
2261 516 2384 551 auo-

139 580 291 642 nymi,
332 577 419 626 sed
457 592 516 626 ex
553 578 819 640 pentae'dro
856 577 911 624 fit
949 578 1151 627 celebris
1186 580 1401 640 pyramis
1440 577 1778 640 trigonoe'dra:
1819 577 2126 626 tetrae'drum.
2189 576 2270 625 Ex*
2300 589 2386 639 cy-

138 650 295 699 lindro
336 665 507 711 conus,
550 666 611 699 ex
648 649 947 715 cylindroide
974 679 1045 687 —
1071 651 1316 700 conoides,
1394 651 1518 700 Coni
1556 650 1836 715 superficies
1887 649 2128 713 explicata
2167 657 2240 699 est
2276 662 2386 713 pars

143 723 325 782 circuli,
365 737 615 785 nunquam
653 724 859 772 circulus
899 730 1046 773 totus·

315 796 744 858 Compositae.
823 797 896 845 Ex
933 797 1188 861 pyramide
1229 798 1384 845 omnis
1425 798 1731 859 compositio.
1796 796 2064 859 Corporum
2102 796 2272 844 horum
2310 797 2386 845 in-

139 869 275 917 finita
312 878 439 916 suut.
518 868 706 917 Causae
749 872 996 918 varietatis
1035 871 1245 919 multae:
1292 871 1344 931 1)
1383 869 1655 932 planorum,
1697 869 1824 917 unde
1852 869 2128 933 pyramides
2169 869 2388 921 denomi-

142 950 340 1001 nantur,
392 941 751 1003 irregularitas,
804 944 1129 1005 inaequalitas
1168 942 1372 991 laterum
1413 949 1459 990 et
1499 943 1812 1005 angulorum,
1863 942 2126 991 eorundem
2161 945 2387 1003 varietas,

146 1018 364 1078 ipsorum
403 1016 550 1062 etiam
588 1022 758 1064 mutua
797 1016 1140 1064 dissimilitudo
1180 1023 1228 1064 et
1267 1018 1546 1064 inconstans
1574 1029 1816 1075 numeruS‚
1860 1010 1914 1083 2)
1940 1013 2244 1078 pyramidum
2270 1017 2388 1064 irre-

139 1090 372 1152 gularitas
410 1094 458 1134 et
497 1087 757 1135 declinatio
797 1090 993 1151 apicum
1021 1105 1052 1137 a
1077 1096 1256 1138 centro.
1319 1088 1670 1151 Regularitatis
1709 1095 1872 1137 autem
1912 1089 2033 1137 haec
2071 1094 2183 1136 sunt
2221 1088 2390 1137 discri-

142 1163 275 1209 mina
312 1162 415 1208 sive
456 1161 621 1222 signa:
666 1155 719 1228 1)
756 1162 1062 1225 pyramidum
1102 1162 1414 1224 regularitas,
1458 1161 1516 1224 2)
1556 1161 1811 1223 planorum
1849 1163 1954 1210 sive
1995 1162 2184 1210 basium
2225 1175 2386 1210 earum

142 1233 430 1297 regularitas
469 1233 638 1295 major,
678 1235 848 1294 minor,
892 1232 942 1299 3)
980 1235 1249 1283 similitudo
1290 1241 1336 1283 et
1373 1235 1647 1296 aequalitas
1674 1235 1881 1294 basium,
1921 1236 2028 1283 sive
2068 1232 2237 1283 eadem
2276 1234 2387 1283 alti-

139 1307 256 1356 tudo
295 1306 615 1370 pyramidum.
679 1306 943 1355 Testantur
982 1310 1302 1370 experientia,
1345 1322 1486 1355 omne
1523 1308 1745 1370 regulare
1772 1307 1938 1370 aliquo
1966 1310 2160 1356 nomine
2200 1322 2306 1355 esse
2331 1323 2390 1356 ex

141 1383 356 1444 quinque
398 1381 696 1442 corporibus.
759 1380 817 1428 Id
843 1381 1088 1443 quomodo
1126 1382 1322 1443 probari
1359 1385 1540 1443 posset,
1583 1386 1636 1428 ut
1673 1380 1767 1429 hoc
1802 1386 1947 1444 pacto
1984 1379 2386 1445 supersedeamus

140 1453 224 1502 illo
263 1453 447 1511 labore,
489 1452 751 1515 quaerendi
790 1454 998 1516 angulos
1040 1453 1312 1505 coeuntes?
1376 1454 1475 1502 Vix
1513 1456 1796 1516 poterimus,

311 1526 640 1575 Instrumenta
677 1526 823 1588 hujus
861 1529 1189 1589 inquisitionis
1227 1527 1349 1576 haec
1387 1532 1513 1575 sunt.
1578 1525 1645 1576 Ut
1683 1528 1893 1576 sciamus
1919 1526 2227 1590 pyramidum
2256 1541 2389 1576 com-

141 1601 420 1663 ponentium
461 1599 666 1662 angulos
705 1599 916 1660 solidoS‚
968 1607 1202 1662 'quotnam
1250 1603 1377 1649 coire
1415 1602 1606 1663 possint
1643 1599 1706 1648 ad
1759 1599 2144 1662 componendum
2182 1600 2390 1650 solidum

145 1689 308 1722 unum.
386 1672 442 1720 Id
482 1681 643 1721 autem
682 1674 948 1722 rectissime
987 1675 1155 1723 haberi
1194 1680 1356 1736 potest
1395 1689 1454 1723 ex
1495 1674 1695 1722 basibus
1734 1672 2054 1738 pyramidum.
2114 1674 2239 1724 Nam
2266 1690 2390 1738 qua—

140 1762 245 1795 rum
282 1745 590 1810 pyramidum
617 1747 761 1794 bases
789 1753 1159 1810 coagmentatae
1185 1748 1346 1811 planis
1385 1747 1577 1810 angulis
1616 1747 1820 1810 implent
1846 1761 2038 1796 omnem
2077 1746 2238 1796 locum
2266 1750 2390 1810 circa

27 1812 51 1886 f·
138 1828 371 1883 punctum
411 1819 589 1882 anguli,
631 1820 823 1868 illarum
861 1820 1169 1884 pyramidum
1207 1820 1374 1884 anguli
1402 1821 1546 1869 solidi
1586 1835 1683 1869 non
1711 1826 1825 1869 sunt
1864 1822 1966 1884 apti
2004 1820 2066 1868 ad
2094 1835 2390 1885 componen-

26 1924 28 1926 ν
69 1938 76 1941 .
141 1892 254 1941 dum
291 1893 522 1955 angulum
563 1891 788 1942 solidum.
865 1895 1038 1956 Itaque
1075 1895 1275 1957 perinde
1316 1900 1403 1953 est,
1444 1895 1549 1943 sive
1590 1895 1647 1943 de
1686 1895 2021 1958 pyramidibus
2060 1895 2166 1944 sive
2205 1895 2264 1944 de
2304 1909 2389 1944 ea-

139 1981 243 2015 rum
282 1967 483 2014 basibus
524 1966 755 2015 dicamus.
831 1967 1011 2028 Plana,
1066 1982 1191 2030 quae
1231 1967 1444 2016 efficiunt
1482 1967 1686 2031 singulis
1725 1968 1918 2031 angulis
1956 1967 2115 2031 planis
2153 1983 2390 2018 summam

141 2046 350 2103 quatuor
387 2041 530 2088 rectis
571 2039 650 2089 vel
689 2041 947 2103 aequalem
974 2040 1055 2089 vel
1093 2042 1343 2104 majorem,
1385 2056 1532 2089 unum
1558 2041 1766 2090 solidum
1805 2042 2010 2090 formare
2049 2055 2143 2090 non
2171 2049 2386 2105 possunt-

139 2112 313 2176 Itaque
353 2115 477 2160 inter
514 2112 663 2175 plana
703 2113 923 2176 ejusdem
962 2116 1165 2177 speciei:
1212 2114 1263 2178 1)
1292 2120 1319 2163 3
1349 2115 1616 2177 triangula,
1661 2115 1711 2177 2)
1743 2120 1772 2163 4
1801 2115 2058 2178 triangula,
2099 2111 2148 2179 3)
2178 2120 2206 2164 5
2235 2117 2388 2164 trian-

138 2186 269 2249 gula,
310 2188 365 2248 4)
395 2191 423 2235 3
456 2186 709 2249 quadrata,
753 2187 805 2250 5)
834 2193 861 2237 3
893 2187 1275 2250 quinquangula,
1317 2203 1522 2250 quorum
1549 2203 1737 2237 summa
1765 2194 1837 2237 est
1878 2193 1924 2249 2,
1968 2187 2051 2257 23,
2093 2188 2176 2258 δὲ,
2214 2193 2260 2250 3,
2291 2188 2385 2257 3}{;

138 2257 374 2310 habemus
415 2261 461 2306 in
500 2259 804 2321 regularibus
844 2261 1132 2325 angulorum
1173 2264 1202 2310 5
1242 2263 1443 2324 species.
1507 2262 1565 2310 In
1605 2262 1765 2325 planis
1805 2260 2026 2310 diversae
2065 2263 2246 2324 speciei
2284 2264 2389 2311 exi-

139 2339 272 2382 stunt
308 2333 686 2381 innumerabiles
741 2334 926 2383 formae
977 2334 1243 2382 solidorum
1289 2335 1594 2398 angulorum.
1671 2335 1727 2382 ln
1767 2334 1860 2390 hac
1909 2337 2141 2384 mixtione
2180 2335 2388 2384 tenenda

138 2405 260 2456 baec
309 2407 500 2470 regula:
556 2408 710 2455 omnis
757 2407 925 2470 anguli
973 2407 1117 2457 solidi
1166 2408 1300 2471 plani
1349 2407 1516 2471 anguli
1569 2407 1852 2457 claudentes
1902 2407 2046 2456 simul
2093 2410 2240 2457 sumti
2291 2422 2387 2457 uno

19 2446 23 2500 ι’
95 2528 98 2529 ⁷
141 2478 301 2530 demto
338 2486 451 2528 sunt
489 2480 697 2542 majores
736 2481 942 2544 reliquo.
1017 2481 1191 2530 Nullus
1241 2481 1428 2530 solidus
1477 2482 1697 2545 pluribus
1740 2487 1767 2532 5
1809 2482 1969 2544 planis
2008 2482 2203 2545 angulis
2240 2497 2386 2546 regu-

138 2554 320 2605 laribus
360 2553 614 2602 clauditur.
2361 2603 2364 2605 Α

313 2627 527 2690 SpecieS,
569 2627 653 2675 ubi
693 2630 722 2676 5
763 2626 898 2690 plani
936 2634 1137 2676 coeunt:
1191 2626 1238 2691 a)
1283 2632 1310 2678 5
1353 2627 1579 2690 trianguli
1619 2629 1761 2689 meri,
1814 2628 1866 2690 b)
1909 2633 1940 2677 4
1978 2628 2231 2691 triangulis
2270 2629 2387 2679 mis-

142 2703 235 2751 ceri
258 2707 419 2764 potest
443 2699 823 2763 quadrangulus,
866 2701 1277 2764 quinquanguluS,
1305 2717 1400 2751 non
1427 2701 1740 2764 sexanguIUS,
1782 2704 1830 2763 c)
1860 2706 1888 2751 3
1918 2702 2172 2766 triangulis
2204 2707 2233 2752 2
2263 2718 2387 2767 qua—

141 2774 278 2823 drata
314 2789 410 2823 non
449 2776 724 2835 miscentur,
764 2774 917 2823 multo
943 2777 1103 2823 minus
1145 2780 1174 2823 2
1216 2775 1586 2839 quinquangula
1612 2782 1702 2824 etc.
1744 2781 1791 2824 et
1816 2775 1968 2824 multo
1993 2779 2151 2825 minus
2178 2781 2207 2826 2
2233 2779 2386 2826 trian-

141 2847 268 2911 gulis
309 2854 337 2898 3
380 2847 618 2911 quadrata
656 2853 779 2914 etc.,
819 2862 933 2911 ergo
971 2854 1160 2896 tantum
1201 2854 1229 2898 3
1258 2851 1461 2912 species·

309 2921 521 2985 SpecieS‚
563 2921 646 2969 ubi
688 2926 718 2970 4
756 2922 891 2984 plani
932 2925 1132 2971 coe‘unt:
1176 2927 1206 2971 4
1247 2923 1474 2985 trianguli
1513 2922 1660 2983 meri3
1712 2922 1864 2970 tribus
1904 2922 2159 2985 triangulis
2197 2924 2385 2972 misceri

137 3001 299 3058 potest
339 3001 363 3043 1
409 2994 786 3058 quadranguluS,
832 3001 855 3044 1
901 2995 1327 3058 quinquangulus;
1367 2996 1558 3044 duobus
1599 2996 1860 3059 triangulis
1890 2998 2149 3044 miscentur
2189 3002 2218 3046 2
2261 3011 2384 3059 qua-

141 3066 292 3128 drata,
330 3069 619 3131 quadratum
657 3074 705 3117 et
745 3069 1180 3132 quinquangulum,
1222 3069 1511 3131 quadratum
1553 3075 1601 3118 et
1638 3068 1986 3131 sexangulum3
2037 3075 2065 3117 2
2108 3071 2383 3132 quinquan-

135 3139 279 3203 gula3
323 3148 346 3190 1
391 3140 810 3205 quinquangulum
850 3157 959 3192 cum
1001 3148 1024 3191 1
1069 3143 1367 3205 sexangu103
1427 3148 1450 3191 1
1494 3142 1915 3206 quinquangulum
1955 3156 2064 3191 cum
2108 3148 2129 3190 1
2175 3148 2379 3206 septan·
2459 3144 2462 3147 ⁴

135 3213 274 3277 gulo:
315 3217 502 3277 species
543 3220 588 3266 9.

309 3285 445 3337 Unus
486 3288 754 3352 triangulus
792 3290 1023 3339 miscetur
1064 3293 1092 3338 3
1136 3287 1412 3351 quadratis,
1468 3293 1497 3337 2
1540 3287 1790 3351 quadratis
1830 3292 1877 3336 et
1920 3292 1942 3335 1
1987 3288 2375 3352 quinquangulo:

135 3373 157 3408 s
195 3360 320 3410 ecies
361 3366 408 3409 2.

159 3374 200 3439 R
308 3430 404 3482 Uni
443 3432 700 3495 triangulo,
740 3436 824 3483 uni
864 3433 1199 3497 quadrangulo
1238 3448 1334 3482 non
1375 3434 1635 3482 miscentur
1676 3438 1704 3482 2
1749 3423 2140 3496 quinquangula3
2182 3439 2212 3483 4
2254 3449 2378 3498 qua-

136 3503 373 3568 drangula
397 3521 494 3554 non
522 3510 711 3555 co‘e'unt.
751 3507 951 3556 Summa
979 3507 1386 3569 quadrilineorum
1407 3505 1672 3554 solidorum
1700 3508 1853 3567 primo
1881 3505 2082 3567 infinita,
2106 3506 2279 3557 deinde
2299 3514 2378 3561 14.

306 3578 504 3642 Species
542 3580 626 3627 ubi
667 3584 695 3628 3
737 3580 869 3643 plani
908 3585 1084 3630 coe’unt
1129 3580 1177 3642 l)
1205 3582 1296 3627 tria
1334 3578 1603 3640 triangula,
1647 3575 1697 3642 2)
1737 3577 1927 3627 duobus
1968 3579 2220 3643 triangulis
2259 3584 2377 3631 mis-

135 3655 268 3698 cetur
306 3651 612 3713 quadratum,
652 3653 1083 3716 quinquangulum.
1151 3651 1201 3717 3)
1227 3650 1386 3700 Unum
1436 3650 1731 3713 triangulum
1772 3656 1800 3699 2
1831 3650 2094 3715 quadratis,
2135 3668 2242 3703 cum
2282 3669 2376 3705 uno

133 3722 368 3785 quadrato
397 3731 443 3773 et
473 3731 494 3773 1
527 3725 907 3787 quinquangulo,
940 3731 962 3775 1
994 3723 1262 3786 sexangulo
1292 3732 1398 3784 etc,
1426 3722 1786 3786 undecangulo:
1815 3726 2002 3787 species
2032 3730 2077 3775 8.
2134 3727 2184 3791 4)
2215 3725 2374 3780 Unum

33 3776 36 3840 ἶ
129 3797 425 3860 triangulum
453 3812 562 3847 cum
589 3802 618 3846 2
648 3799 1040 3862 quinquanguliS‚
1067 3812 1176 3848 cum
1208 3802 1228 3846 1
1264 3795 1630 3861 quinquangulo
1658 3802 1705 3847 et
1731 3810 1826 3848 uno
1861 3798 2126 3864 sexangulo
2152 3807 2227 3852 etc
2230 3838 2372 3856 .....

137 3872 201 3920 29
242 3869 444 3935 angulo:
488 3875 554 3921 25
594 3872 796 3934 species.
