2652 4088
1049 148 1137 198 111.
1167 149 1500 198 Astronomica.
2285 152 2394 210 237
2421 146 2425 150 ’

140 311 274 364 nota,
314 302 468 352 videri
507 302 702 366 quidem
740 316 885 366 posse
923 301 1204 363 absurdum,
1244 303 1508 352 sectionem
1548 316 1633 351 seu
1671 299 1882 350 medium
1910 301 2274 364 aequinoctium
2307 316 2394 350 ae-

141 377 349 441 qualiter
378 377 598 426 incedere
624 392 710 440 per
732 375 941 425 mediam
982 375 1272 439 eclipticam,
1315 391 1421 424 cum
1463 383 1677 425 centrum
1717 376 1822 423 axis
1862 375 2131 437 aequaliter
2169 376 2396 424 volvatur

137 465 226 514 per
257 465 437 499 veram.
503 452 569 499 At
606 465 702 498 non
742 457 816 499 est
852 449 1131 500 absurdum.
1193 449 1318 497 Nam
1357 449 1469 497 dum
1509 464 1656 512 supra
1692 450 1850 512 posui,
1890 448 2057 510 polum
2083 448 2261 498 Terrae
2302 450 2392 497 sub

140 525 320 572 circulo
360 524 513 587 polari
554 526 680 573 eirca
717 523 925 572 mediam
967 523 1244 585 eclipticam
1282 525 1375 570 sito
1418 522 1553 570 volvi
1594 525 1740 586 (quae
1768 529 1841 570 est
1879 522 2207 570 inclinationis
2234 529 2395 571 trans-

138 596 292 660 latio),
336 598 502 646 videor
539 599 874 646 necessitatem
912 596 1057 658 hujus
1096 595 1323 659 sequelae
1363 595 1624 648 induxisse.
1699 595 1751 644 Si
1791 596 1917 644 enim
1959 596 2230 658 aequaliter
2269 599 2396 645 circa

139 671 308 733 polum
346 671 535 719 mediae
576 670 815 731 volvitur,
869 669 1192 732 inaequaliter
1244 672 1389 730 igitur
1429 671 1555 718 circa
1593 668 1759 732 polum
1810 683 1971 718 verae.
2050 669 2210 718 Causa
2250 669 2396 718 volu-

140 746 286 792 tionis
325 751 399 792 est
438 744 656 791 fortassis
699 743 891 804 eadem,
944 749 999 791 ut
1036 745 1083 789 in
1132 742 1340 805 planetis
1389 757 1538 790 causa
1588 751 1748 797 motus
1785 741 2021 790 nodorum
2062 749 2110 790 et
2146 757 2398 806 apogaeo-

139 831 259 875 rum,
300 824 353 864 ut
389 832 455 865 se.
484 831 542 864 ex
571 823 751 879 puncto
791 830 1018 864 successu
1058 816 1331 864 seculorum
1371 815 1457 863 fiat
1496 816 1717 864 circulus
1773 815 1896 863 Nam
1926 830 2033 863 cum
2059 815 2268 881 figurata
2292 832 2397 865 esse

141 892 401 938 conveniat
440 891 630 949 omnia,
682 897 843 937 motus
882 890 1040 938 lineae
1080 891 1316 937 rationem
1357 888 1560 950 habeat,
1612 889 1802 936 duratio
1853 890 1960 950 ipsa
1999 885 2151 936 motui
2190 888 2394 952 figuram

139 962 391 1020 conciliat,
440 962 585 1025 plane
626 969 679 1010 ut
716 964 761 1008 in
802 962 1018 1025 physicis
1064 970 1225 1010 motus
1276 961 1494 1010 durando
1545 964 1754 1023 speciem
1795 961 1994 1023 praebet
2032 963 2394 1028 subsistentiae,

138 1051 265 1099 quae
305 1038 350 1084 ei
401 1037 544 1083 unius
589 1043 810 1098 respectu
863 1037 1095 1084 momenti
1141 1016 1277 1083 nulla
1326 1037 1466 1085 inest.
1553 1034 1630 1083 Ita
1681 1040 1728 1082 et
1775 1033 2058 1081 animalium
2108 1038 2396 1098 propagatio

138 1110 255 1157 facit
305 1109 366 1156 ad
416 1111 596 1172 speciei
644 1110 1077 1157 conservationem.
1154 1108 1230 1156 Ita
1270 1108 1401 1171 quod
1457 1123 1579 1156 unus
1630 1122 1725 1155 non
1780 1113 1965 1169 potest,
2021 1111 2200 1156 mutuis
2240 1110 2398 1172 operis

138 1183 387 1243 efficimus,
429 1197 537 1230 cum
577 1184 646 1229 ita
685 1181 881 1229 condita
918 1184 977 1229 sit
1019 1182 1233 1230 humana
1271 1197 1420 1241 mens,
1463 1191 1515 1229 ut
1553 1196 1710 1229 rerum
1750 1182 1972 1228 notitiam
2013 1183 2186 1243 capiat.
2253 1182 2395 1243 Quod

137 1258 281 1316 igitur
338 1255 582 1304 solitariae
632 1262 705 1303 est
755 1255 1083 1317 impossibile,
1139 1254 1413 1303 seculorum
1477 1255 1818 1303 traditionibus
1869 1253 2061 1302 tandem
2124 1265 2394 1317 superatur.

139 1327 366 1377 Omnium
404 1331 550 1392 igitur
589 1330 730 1393 quasi
769 1343 865 1378 una
904 1343 1040 1378 mens
1081 1335 1176 1390 est,
1230 1329 1368 1392 cujus
1407 1337 1595 1392 partem
1633 1327 1968 1390 Ptolemaeus,
2021 1328 2268 1378 meliorem
2309 1344 2398 1379 nos

135 1402 456 1466 possidemus·

134 1677 284 1725 Prima
311 1677 566 1724 rudimenta
587 1684 829 1724 conatuum
853 1677 1038 1736 Kepleri
1069 1678 1413 1724 constituendae
1446 1678 1555 1737 leqz's
1578 1677 1632 1724 de
1655 1679 1776 1725 areis
1806 1677 1851 1723 in
1883 1677 2168 1736 planetarum
2188 1678 2400 1727 motibus.

439 1768 748 1837 methodus
796 1769 1185 1837 construendi
1232 1768 1626 1853 aequationcs
1675 1772 1731 1836 et
1776 1767 2109 1836 distantias

633 1885 692 1932 ad
723 1886 924 1942 singulos
955 1886 1123 1943 gradus
1157 1885 1407 1930 anomaliae
1439 1885 1642 1930 excentri
1672 1885 1889 1943 integros,

909 1975 984 2015 pro
1017 1964 1181 2002 ratione
1215 1963 1314 2001 anni
1345 1961 1615 2015 exploranda.

310 2079 696 2143 Multiplicentur
746 2082 884 2129 initio
933 2082 1068 2129 sinus
1121 2095 1287 2130 omnes
1339 2081 1387 2128 in
1429 2081 1838 2130 eccentricitatem
1887 2080 2092 2143 abjectis
2149 2084 2176 2130 5
2217 2077 2400 2129 ultimis

138 2153 218 2203 vel
247 2160 291 2212 7,
331 2163 474 2217 prout
500 2156 646 2202 fueris
675 2163 921 2217 operatus.
972 2154 1201 2203 Producti
1245 2155 1466 2203 dicantur
1505 2156 1836 2214 eccentricitas
1871 2154 2158 2218 angulorum
2185 2168 2399 2207 suorum.

309 2227 384 2276 Sit
421 2228 666 2276 anomalia
705 2230 912 2276 eccentri
954 2233 1000 2286 0,
1046 2233 1128 2286 90,
1176 2232 1291 2287 180,
1336 2234 1456 2277 270.
1535 2228 1662 2290 Ergo
1702 2231 1931 2291 aequatio
1986 2235 2059 2276 est
2097 2227 2216 2275 nihil
2256 2229 2303 2273 in
2346 2233 2393 2288 Ο,

141 2305 270 2359 180,
311 2303 358 2347 in
389 2306 478 2360 90,
521 2306 623 2350 270
664 2305 894 2364 aequatio
935 2301 1124 2349 elicitur
1161 2317 1246 2364 per
1285 2309 1437 2350 totam
1478 2303 1902 2351 eccentricitatem.
1967 2302 2243 2349 Distantiae
2288 2307 2400 2349 sunt

137 2375 184 2421 in
227 2378 308 2431 90,
351 2380 453 2423 270
495 2375 681 2435 radius,
735 2378 783 2422 in
826 2381 854 2424 0
895 2375 1060 2424 radius
1099 2383 1272 2423 auctus
1312 2383 1417 2425 tota
1469 2377 1854 2437 eceentricitate,
1906 2377 1953 2422 in
1999 2380 2097 2424 180
2139 2375 2402 2423 diminutus

138 2454 242 2497 tota
282 2450 653 2497 eccentricitate.

971 2525 1091 2570 359.
1136 2525 1220 2570 89.
1267 2524 1384 2572 179.
1428 2527 1549 2571 269.

309 2593 385 2643 Sit
431 2595 677 2643 anomalia
724 2596 930 2644 eccentri
1048 2601 1092 2646 1.
1139 2600 1220 2644 91.
1268 2600 1383 2645 181.
1427 2601 1548 2645 271.
1637 2595 1714 2644 Ad
1764 2594 1952 2644 radium
2004 2594 2129 2644 adde
2170 2602 2217 2644 et
2268 2595 2402 2643 aufer

141 2671 547 2718 eccentricitatem
595 2669 760 2732 anguli
805 2673 898 2730 89;
949 2683 1033 2731 per
1083 2669 1172 2716 hos
1225 2669 1389 2719 divide
1441 2672 1847 2731 eccentricitatem
1901 2670 2067 2731 anguli
2114 2675 2157 2721 1.
2232 2667 2400 2716 Habes

138 2744 485 2803 aequationum
526 2741 587 2790 ad
633 2749 675 2801 1,
718 2747 819 2792 359
863 2749 910 2790 et
955 2746 1069 2802 179,
1117 2746 1211 2790 181
1258 2750 1541 2805 tangentes,
1584 2745 1761 2806 quibus
1802 2746 2148 2805 aequationum
2191 2743 2400 2790 arcubus

139 2829 339 2877 excerpe
380 2819 723 2864 convenientes
763 2823 1001 2867 secantes,
1079 2815 1182 2864 Hos
1223 2825 1444 2865 secantes
1484 2819 1655 2865 iteruin
1696 2818 1743 2864 in
1784 2818 2189 2864 eccentricitatem
2229 2815 2399 2877 anguli

138 2891 203 2936 89
247 2890 512 2951 multiplica
553 2897 600 2937 et
638 2889 842 2951 abjectis
896 2889 1075 2936 ultimis
1127 2889 1258 2953 quod
1297 2890 1582 2953 relinquitur
1627 2890 1726 2938 illic
1766 2889 1890 2937 adde
1929 2905 2018 2938 suo
2059 2891 2268 2949 secanti,
2322 2888 2400 2937 hic

137 2960 311 3009 adime.
387 2962 636 3010 Prodeunt
674 2963 931 3010 distantiae
970 2963 1070 3011 illic
1107 2979 1175 3026 gr.
1222 2969 1263 3022 1,
1307 2968 1425 3021 359,
1468 2964 1545 3011 hic
1583 2979 1654 3026 gr.
1702 2969 1818 3022 179,
1865 2967 1980 3012 181.

312 3034 539 3083 Vicissim
579 3035 638 3083 ad
681 3035 867 3084 radium
907 3035 1032 3084 addc
1071 3045 1119 3084 et
1156 3038 1291 3084 auser
1330 3038 1735 3086 eccentricitatem
1777 3036 1942 3097 anguli
1988 3042 2030 3095 1,
2072 3050 2156 3098 per
2194 3034 2283 3082 hos
2324 3033 2400 3082 di-

139 3106 250 3155 vide
289 3112 692 3158 eecentricitatem
734 3109 900 3171 anguli
943 3114 1007 3158 89
1050 3116 1098 3156 et
1137 3110 1342 3171 abjectis
1385 3110 1565 3158 ultimis
1607 3117 1789 3158 restant
1838 3117 2096 3170 tangentes
2136 3109 2398 3169 aequatio-

141 3195 252 3228 num
292 3183 352 3230 ad
388 3187 472 3242 89,
515 3188 612 3231 271
648 3191 693 3230 et
723 3188 805 3242 91,
850 3188 970 3232 269.
1047 3181 1137 3229 His
1178 3184 1524 3244 aequationum
1565 3184 1773 3231 arcubus
1811 3197 2014 3244 excerpe
2055 3183 2400 3229 convenientes

141 3263 365 3303 secantes
407 3264 453 3303 et
491 3255 580 3303 hos
621 3258 790 3303 iterum
831 3257 878 3302 in
919 3257 1324 3304 eccentricitatem
1365 3256 1532 3318 anguli
1577 3262 1599 3305 1
1645 3255 1913 3318 multiplica
1954 3262 2000 3302 et
2038 3254 2242 3316 abjectis
2283 3254 2400 3302 ulti-

139 3328 253 3385 mis,
306 3328 435 3390 quod
476 3329 761 3391 relinquitur
800 3327 898 3377 illic
945 3328 1097 3389 adde,
1150 3328 1229 3376 hic
1267 3328 1427 3376 adime
1466 3331 1674 3390 secanti,
1715 3328 1877 3392 prodit
1916 3328 2148 3377 distantia
2185 3327 2284 3376 illic
2323 3342 2394 3390 gr.

143 3402 228 3459 89,
271 3404 390 3458 271,
431 3400 509 3448 hic
551 3406 632 3459 91,
676 3406 797 3452 269.

316 3473 469 3521 Aliter
508 3472 694 3521 doceris
734 3476 779 3520 in
832 3473 949 3521 folio
988 3473 1087 3521 alio
1125 3486 1208 3534 per
1248 3486 1410 3521 aream
1449 3471 1703 3533 trianguli,
1755 3474 1838 3521 ubi
1887 3478 2131 3532 notatum,
2187 3472 2317 3536 quod
2357 3475 2399 3523 si

143 3544 417 3608 duplicetur
455 3547 663 3607 angulus
702 3547 1023 3607 aequationis,
1062 3545 1205 3608 plane
1246 3545 1526 3594 insensibile
1567 3558 1821 3607 peccemus
1860 3547 1906 3592 in
1934 3547 2063 3596 Sole.
2116 3546 2242 3598 Vide
2270 3562 2398 3598 nunc

6 3623 7 3626 ’
50 3619 71 3691 5..
141 3628 189 3667 et
229 3622 272 3666 in
317 3618 569 3666 Mercurio.
649 3618 708 3665 Et
745 3633 938 3666 assume
978 3618 1082 3680 ejus
1122 3621 1465 3680 aequationem
1505 3619 1709 3666 eccentri
1753 3635 1820 3681 gr
1865 3624 1945 3678 10,

51 3683 95 3750 3)*
140 3702 263 3754 tang.
299 3696 495 3741 1763268
526 3694 883 3751 (eccentricitas).
947 3694 1066 3748 Ergo
1098 3692 1371 3748 triangulum
1404 3695 1646 3738 maximum
1676 3693 2055 3742 8316'540000000

547 3759 688 3805 Porro
720 3771 852 3806 areae
884 3759 1038 3806 circuli
1070 3772 1126 3804 ex
1157 3760 1355 3804 Adriano
1388 3772 1491 3816 pars
1528 3761 1642 3818 ξε-
1668 3759 1951 3827 872664626.
1973 3797 1979 3804 .
2001 3794 2044 3808 ..

1402 3823 1683 3879 Differentia.
1725 3834 1959 3881 8909374.

143 3901 235 3947 Sed
263 3901 382 3947 hanc
412 3899 710 3947 differentiam
741 3900 944 3947 efficiunt
976 3900 1143 3959 gradus
1176 3900 1321 3946 ultimi
1353 3907 1398 3946 et
1429 3915 1466 3947 c
1499 3904 1549 3947 8⁰
1579 3901 1653 3945 vix
1685 3900 1770 3946 erit
1800 3900 2047 3949 dimidium.
