2652 4088
1066 136 1113 192 in
1144 148 1263 194 Orbe
1292 147 1462 194 Lunae.
1838 135 1841 138 Α
2313 147 2384 203 87

137 312 218 350 eur
246 303 378 348 Luna
408 315 500 348 non
529 302 754 361 videatur,
784 297 944 348 locum
983 314 1080 348 non
1119 300 1321 348 habebit
1358 301 1407 346 in
1433 296 1702 360 novilunio,
1745 310 1888 359 quem
1927 297 2050 347 alias
2075 297 2240 366 habet,
2277 312 2387 348 cum

139 381 213 424 est
250 373 335 422 illa
371 374 559 423 bisecta
605 379 690 420 aut
734 373 882 435 gibba
931 375 1156 434 utrinque
1206 380 1291 420 aut
1331 371 1655 434 corniculata3
1704 369 1789 419 sed
1827 370 1890 419 ad
1937 373 2170 430 amussim
2207 370 2387 436 (inquit

137 445 470 514 Democritus)
508 445 746 494 collocata
797 452 963 494 contra
1014 445 1394 506 illuminantem,
1449 446 1628 507 excipit
1678 449 1726 493 et
1771 444 1942 506 recipit
1980 444 2168 508 Solem;
2205 446 2385 507 itaque

139 521 474 578 conveniebat,
515 524 567 567 ut
604 518 689 566 illa
726 519 924 579 luceret,
966 520 1057 567 iste
1098 533 1212 566 vero
1237 519 1501 582 pelluce1·et
1540 522 1699 578 (sensu
1730 519 1804 565 hic
1836 520 2021 576 activo).
2075 518 2226 581 Atqui
2253 517 2383 566 mul-

134 599 238 642 tum
276 594 415 642 abest
452 593 514 641 ab
553 606 627 651 e0,
666 597 720 638 ut
758 592 843 640 illa
880 591 973 639 hoc
1011 592 1171 639 saciat.
1251 592 1374 640 Nam
1412 593 1519 653 ipsa
1557 590 1752 653 quidem
1791 592 2107 653 inconspicua
2158 597 2273 640 tunc
2315 597 2388 641 est

142 673 191 716 et
227 666 389 716 Solem
430 664 695 715 occultavit
728 665 1020 726 penitusque
1059 664 1306 727 disparere
1345 666 1459 714 fecit
1495 665 1706 726 saepiuS,
1747 670 1796 713 et
1831 669 1887 713 ut
1925 663 2337 728 Empedocles

742 771 920 820 Radiis
957 773 1105 820 illum
1143 774 1434 822 exarmavit
1473 773 1536 821 ab
1575 774 1677 822 alto

573 844 785 894 Telluris
822 852 980 907 tenus,
1022 847 1284 894 involvens
1321 847 1536 906 caliyine
1573 852 1777 894 tantum

566 918 688 980 Ipsa
726 933 836 980 sua,
879 926 1132 981 quantum
1169 921 1400 982 porreoeit
1436 933 1643 980 corpore
1680 933 1926 978 mensum,

134 1027 332 1093 perinde
370 1042 427 1077 ac
463 1029 506 1076 si
546 1029 592 1074 in
633 1033 825 1076 noctem
866 1034 914 1078 et
952 1029 1194 1092 tenebraS‚
1231 1040 1543 1090 nequaquam
1581 1027 1629 1072 in
1668 1025 1800 1075 aliud
1826 1032 2024 1086 astrum,
2065 1024 2196 1075 Solis
2221 1025 2387 1076 lumen

132 1101 394 1150 incidisset.
458 1099 601 1163 Quod
656 1115 771 1149 vero
820 1101 935 1150 dicit
972 1100 1294 1161 Posidonius,
1348 1100 1477 1148 Solis
1525 1101 1688 1148 lumen
1736 1105 1931 1161 propter
1970 1099 2141 1148 Lunae
2180 1100 2386 1162 profun-

40 1206 46 1209 2
134 1176 331 1224 ditatem
370 1189 465 1222 non
505 1174 728 1236 trajicere
767 1188 912 1236 posse
952 1188 1105 1236 usque
1144 1172 1207 1227 ad
1247 1187 1350 1234 nOS,
1393 1175 1523 1221 eain
1551 1187 1601 1221 re
1640 1173 1892 1221 manifeste
1921 1174 2213 1234 coarguitur.
2267 1173 2390 1222 Cum

135 1251 260 1297 enim
298 1251 381 1295 aer
420 1249 684 1295 immensus
724 1254 772 1296 et
811 1247 1128 1295 inexhaustus
1178 1247 1241 1294 sit
1281 1254 1327 1295 et
1366 1246 1696 1309 profunditate
1736 1245 1899 1292 multis
1946 1245 2166 1307 partibus
2202 1246 2388 1308 maj0re

135 1336 279 1384 quam
318 1319 473 1379 Luna,
515 1327 645 1368 totus
685 1335 715 1368 a
754 1320 869 1369 Sole
907 1328 1196 1384 permeatur,
1237 1326 1368 1368 totus
1408 1319 1717 1368 collustratur
1754 1318 1917 1366 radiis.
1971 1318 2204 1380 Superest
2242 1320 2390 1382 igitur

129 1394 178 1442 id
217 1393 347 1456 quod
388 1393 707 1455 Empedocles
745 1399 902 1454 tenet,
951 1394 1237 1442 refractione
1276 1392 1518 1440 radiorum
1560 1393 1688 1441 Solis
1726 1394 1775 1439 in
1814 1392 1955 1439 Luna
1995 1397 2218 1441 constare
2257 1392 2384 1441 hanc

127 1481 276 1531 penes
315 1481 404 1514 nos
443 1467 816 1515 illustrationem
856 1466 918 1515 ab
956 1467 1078 1530 ipsa.
1129 1465 1258 1514 Hinc
1298 1466 1420 1514 adeo
1461 1472 1548 1526 est,
1591 1465 1721 1527 quod
1748 1479 1907 1527 neque
1946 1465 2186 1512 fervidum
2226 1480 2387 1528 neque

130 1539 436 1603 splendidum
477 1540 539 1588 ad
578 1554 666 1587 nos
704 1542 927 1602 pervenit
963 1539 1128 1587 lumen
1170 1540 1290 1601 ejusn
1332 1539 1460 1601 qnod
1502 1546 1605 1587 erat
1644 1546 2020 1587 consentaneum
2060 1537 2162 1587 fieri
2195 1538 2387 1600 debere,

132 1617 174 1662 si
211 1615 426 1661 incensio
467 1620 513 1661 et
551 1613 769 1661 confusio
808 1615 1058 1675 utriusque
1097 1613 1294 1660 luminis
1334 1612 1482 1660 fieret.
1538 1611 1665 1674 Quin
1706 1614 1868 1674 potius
1896 1618 1948 1659 ut
1977 1625 2121 1660 voces
2148 1613 2196 1659 in
2225 1627 2390 1675 reper-

132 1688 352 1735 cussibus
393 1687 719 1735 obscuriorem
758 1688 865 1749 ipso
905 1689 1059 1748 primo
1101 1686 1312 1735 clamore
1363 1685 1570 1734 reddunt
1610 1685 1730 1734 echo
1771 1691 1818 1734 et
1857 1691 1910 1733 ut
1947 1686 2072 1733 ictus
2112 1699 2143 1732 a
2181 1685 2292 1734 telis
2331 1700 2391 1734 ex

130 1761 341 1823 impactu
379 1759 723 1808 resultantibus
764 1759 955 1807 mollius
981 1774 1083 1810 ,nos
1122 1759 1386 1818 assultant,
1426 1761 1495 1807 sic
1530 1759 1692 1807 radiis
1730 1759 1895 1807 latum
1930 1759 2118 1822 feriens
2165 1757 2391 1808 Tritoni-

129 1834 205 1882 dis
241 1834 424 1895 orbem,
467 1833 676 1881 debilem
716 1840 764 1882 et
803 1834 1061 1881 obscurum
1102 1833 1298 1880 exhibet
1336 1831 1570 1880 influxum
1610 1834 1656 1879 in
1698 1847 1802 1892 nos,
1843 1834 1892 1880 vi
1932 1832 2037 1893 ejus
2076 1838 2271 1894 propter
2307 1847 2385 1881 re-

45 1926 57 1937 ·
130 1907 385 1955 flexionem
425 1907 663 1954 exsoluta.
740 1906 835 1955 Hic
874 1906 1054 1968 Sylla
1093 1907 1356 1968 excipiens,
1397 1906 1633 1966 fortassis,
1672 1906 1842 1967 inquit,
1884 1912 2125 1954 merentur
2162 1907 2260 1974 ista
2296 1905 2391 1953 ali—

134 1995 278 2042 quam
318 1980 477 2029 fidem.
554 1979 610 2026 Id
649 1994 780 2040 vero,
822 1979 952 2042 quod
993 1981 1221 2039 omnium,
1264 1993 1390 2041 quae
1428 1980 1570 2027 nobis
1610 1980 1831 2039 obstant,
1873 1978 2256 2039 validissimum,
2296 1978 2388 2027 ad-

131 2061 357 2115 eptumne
412 2059 484 2102 est
533 2052 721 2114 aliquid
771 2054 958 2110 solatii,
1019 2068 1077 2100 an
1128 2054 1321 2115 penitus
1373 2054 1656 2114 praeterivit
1706 2058 1923 2100 nostrum
1979 2051 2107 2100 hunc
2165 2051 2388 2113 socium?

133 2126 389 2187 Quodnam
431 2124 590 2172 illud?
630 2127 786 2187 inquit
823 2126 1080 2186 Lucius,
1135 2141 1249 2173 num
1290 2124 1373 2173 illa
1413 2125 1673 2173 difficultas
1713 2127 1839 2174 circa
1878 2124 2151 2174 bisectam‘?
2213 2125 2271 2174 Id
2309 2127 2390 2189 ip-

129 2214 253 2263 sum,
296 2202 365 2247 ait
402 2198 607 2263 Sylla,
649 2198 796 2247 babet
835 2202 961 2247 enim
1000 2200 1235 2246 rationem
1273 2213 1412 2246 suam
1451 2198 1585 2259 illud,
1627 2199 1757 2261 quod
1798 2201 1953 2246 omnis
1992 2200 2296 2261 repercussio
2335 2197 2390 2247 fit

130 2274 322 2335 angulis
362 2272 666 2335 aequalibus,
718 2273 891 2334 Itaque
930 2273 971 2319 si
999 2271 1140 2319 Luna
1181 2271 1328 2320 bifida
1368 2272 1555 2320 coelum
1584 2272 1777 2330 mediet,
1820 2286 1915 2320 non
1954 2271 2110 2319 latum
2136 2273 2193 2318 iri
2219 2271 2384 2320 lumen

130 2348 178 2394 in
217 2346 415 2394 Terram
455 2346 516 2393 ab
554 2347 677 2407 ipsa,
719 2346 803 2394 sed
844 2345 1183 2408 prolapsurum
1225 2345 1351 2393 ultra
1388 2345 1568 2394 Terrae
1606 2345 1825 2408 globum.
1875 2344 1961 2394 Sol
2001 2347 2125 2393 enim
2164 2346 2213 2391 in
2251 2345 2388 2394 hori-

129 2426 270 2468 zonte
319 2426 434 2467 tunc
486 2433 683 2467 versans
736 2419 871 2467 radio
920 2433 1009 2466 suo
1049 2418 1236 2466 Lunam
1289 2418 1374 2466 illo
1423 2421 1518 2466 situ
1569 2420 1725 2481 tangit
1748 2414 1844 2481 ι9),
1898 2420 2065 2479 itaque
2104 2418 2270 2466 radius
2309 2433 2387 2467 re-

128 2492 280 2541 flexus
320 2495 367 2539 in
407 2491 493 2539 illa
530 2491 592 2539 ad
618 2492 864 2554 aequales,
906 2492 951 2537 in
980 2491 1180 2539 alteram
1206 2491 1402 2554 plagam
1430 2491 1633 2552 excidet,
1674 2506 1764 2540 nec
1802 2491 1898 2540 huc
1937 2491 2001 2539 ad
2039 2505 2128 2540 nos
2168 2491 2388 2540 demittet

129 2564 313 2613 radium
331 2562 438 2631 ²⁰);
496 2571 580 2613 aut
623 2579 822 2614 necesse
862 2567 965 2624 erit,
1006 2572 1059 2612 ut
1098 2579 1276 2626 magna
1316 2564 1543 2613 distorsio
1597 2572 1643 2614 et
1683 2566 1974 2628 permutatio
2014 2563 2384 2630 (inaequalitas)

34 2698 35 2702 Ἰ
125 2638 210 2687 fiat
248 2638 427 2700 anguli,
469 2637 599 2700 quod
639 2646 712 2686 est
736 2637 1053 2701 impossibile.
1119 2639 1223 2686 Iino
1250 2653 1381 2696 vero,
1423 2640 1578 2700 inquit
1605 2638 1871 2698 LuciuS,
1912 2638 2005 2686 hoc
2030 2638 2247 2701 profecto
2281 2639 2387 2702 jam

130 2718 202 2760 est
240 2711 448 2771 dictum,
500 2714 718 2773 interque
768 2711 1099 2760 disserendum
1152 2711 1213 2759 ad
1251 2711 1627 2760 Menelaum
1666 2713 1926 2774 respiciens
1965 2712 2383 2773 mathematicum,

128 2798 313 2849 vereor,
353 2786 522 2846 inquit,
564 2791 611 2832 te
651 2793 905 2847 praesente
934 2784 1159 2832 Menela‘e‘
1186 2786 1355 2844 amice,
1395 2787 1688 2847 positionem
1717 2792 1934 2834 evertere
1972 2785 2384 2845 mathematicam,

129 2859 307 2921 quippe
359 2857 656 2905 fundamenti
703 2857 812 2906 loco
861 2858 1198 2920 specularibus
1247 2859 1739 2920 contemplationibus
1797 2858 2123 2919 substratam3
2184 2872 2387 2907 necesse

129 2936 290 2980 tamen
342 2931 499 2993 inquit
544 2936 641 2990 est,
697 2932 811 2993 quia
860 2930 1004 2987 illud,
1057 2945 1244 2979 omnem
1295 2932 1608 2979 reflexionem
1660 2931 1951 2994 aequalibus
2004 2932 2134 2979 tendi
2174 2931 2382 2993 anguliS,

130 3017 220 3053 nec
257 3006 541 3067 perspicitur
578 3005 625 3050 in
665 3004 757 3052 hoc
795 3007 901 3067 ipso
941 3006 1153 3066 negoti0‚
1194 3019 1352 3066 neque
1393 3006 1439 3051 in
1483 3004 1703 3053 confesso
1744 3010 1830 3063 est,
1872 3003 1957 3052 sed
1997 3003 2122 3052 male
2161 3003 2299 3052 audit
2336 3005 2386 3050 in

129 3078 263 3126 cavis
299 3078 523 3140 speculis,
567 3076 761 3139 quando
802 3078 948 3127 efficit
985 3079 1221 3140 imagines
1259 3078 1469 3140 majores
1509 3092 1561 3126 se
1601 3080 1735 3140 ipsiS,
1776 3076 1837 3126 ad
1878 3092 2025 3126 unum
2067 3076 2267 3140 aliquod
2309 3077 2386 3125 vi-

72 3159 73 3163 ’
127 3151 263 3200 sivae
300 3145 634 3213 punctum²¹).

301 3223 435 3272 Male
474 3222 611 3271 audit
648 3224 794 3271 etiam
832 3224 878 3269 in
921 3221 1194 3285 duplicibus
1233 3223 1471 3285 speculis,
1529 3224 1711 3286 quippe
1752 3222 1818 3270 ibi
1873 3221 2074 3286 specula
2111 3220 2175 3270 ad
2214 3236 2266 3270 se
2306 3222 2384 3270 in-

130 3296 287 3346 vicem
325 3310 561 3345 conversa
598 3293 827 3356 sunt²²);
879 3302 928 3343 et
966 3298 1081 3357 quia
1120 3295 1327 3356 angulus
1368 3297 1497 3344 intus
1538 3298 1845 3344 constituitur
1885 3299 1939 3356 (a
1979 3294 2168 3342 duabus
2210 3309 2383 3357 super-

66 3355 77 3368 ”
129 3367 374 3431 ficiebus),
426 3375 631 3430 utraque
669 3367 947 3430 superficies
996 3369 1206 3429 speciem
1245 3368 1448 3429 praebet
1495 3367 1702 3431 duplicis
1719 3363 1789 3435 ²³)
1841 3368 2120 3429 faciuntque
2174 3373 2381 3430 quatuor

111 3443 367 3504 ψειςίηεε
416 3441 479 3489 ab
528 3455 626 3488 una
670 3440 793 3489 facie
812 3436 905 3503 ²⁴),
963 3438 1085 3487 duas
1133 3439 1353 3501 quidem,
1403 3439 1636 3491 lateribus
1676 3441 1883 3488 sinistris
1933 3441 2191 3488 introrsum
2229 3443 2383 3491 versis

164 3522 255 3564 ter
290 3528 344 3564 se
381 3527 675 3571 conversas,
729 3512 851 3562 duas
890 3525 1007 3560 vero
1055 3511 1290 3560 lateribus
1331 3511 1631 3562 dextrorsum
1669 3515 1879 3576 speciem
1915 3513 2238 3576 habentibus,
2292 3515 2384 3564 ob-

149 3594 207 3642 ‘Lw
245 3601 300 3637 as
336 3585 428 3636 has
465 3591 516 3635 et
550 3584 703 3634 veluti
743 3587 790 3631 in
829 3581 1069 3647 profundo
1107 3583 1412 3645 speculorum
1427 3581 1514 3646 ²⁶).

179 3696 202 3714 „
311 3656 540 3721 (Quando
578 3656 726 3707 efficit
762 3658 997 3719 imagines
1034 3656 1244 3719 majores
1283 3671 1335 3704 se
1375 3657 1493 3720 ipsis
1519 3656 1581 3705 ad
1607 3671 1755 3706 unum
1782 3656 1982 3720 aliquod
2010 3658 2200 3710 visivae
2226 3675 2383 3724 punc-

51 3773 80 3792 .,
131 3726 251 3795 Ϊ·»··,
291 3732 418 3782 male
458 3732 603 3780 etiam
641 3725 875 3794 audit‘20.)
952 3728 1089 3792 Quae
1129 3730 1362 3791 imagines
1401 3730 1577 3792 quibus
1617 3744 1675 3779 ex
1715 3732 1874 3780 causis
1915 3733 2147 3796 existant,
2187 3733 2381 3784 Plato

126 3804 296 3864 adit.
372 3806 507 3853 Dixit
556 3804 708 3865 enim,
763 3801 894 3867 quod
943 3815 1051 3852 cum
1097 3802 1347 3866 speculum
1393 3802 1505 3853 hinc
1556 3806 1601 3852 et
1636 3802 2090 3854 inde'altitudinem
2142 3809 2378 3870 acquirat,

40 3896 42 3903 ·
104 3879 157 3938 '2
201 3879 236 3918 ·‘
291 3880 770 3946 visoriipermutent
806 3876 1158 3938 reflexionem,
1193 3881 1247 3925 ut
1284 3889 1409 3940 quae
1449 3875 1593 3927 cadat
1630 3875 1692 3928 ab
1731 3875 1897 3928 alteris
1935 3877 2126 3931 duabus
2164 3880 2228 3931 ad
2264 3881 2380 3932 reli·
