2652 4088
104 3679 115 3710 l

288 153 396 210 224
880 146 1166 193 Collectanea
1194 158 1252 191 ex
1282 144 1515 192 codicibus
1542 145 1939 193 Pulkoviensibus.

295 302 542 361 scriptum,
581 294 820 357 siquidem
858 294 1068 344 tenenda
1105 300 1178 343 est
1216 295 1361 343 lectio
1401 294 1461 342 de
1499 296 1638 343 annis
1680 300 1744 344 33
1785 311 1815 344 a
1853 296 1996 343 victis
2035 295 2239 345 Rhaetis
2276 311 2306 344 a
2342 296 2539 345 Tiberio

290 380 338 422 et
374 373 560 419 Druso:
602 369 720 416 vieti
756 383 966 430 namque
1006 374 1119 415 sunt
1154 382 1284 415 anno
1323 372 1407 416 31.
1435 365 1652 416 Juliano.
1715 369 1822 416 Etsi
1860 368 2267 417 considerandum
2306 369 2384 429 do,
2422 384 2537 417 num

290 446 388 494 alia
426 442 742 491 hallucinatio
767 441 1020 490 Strabonis
1060 440 1217 500 fuerit,
1259 455 1385 501 quae
1422 455 1653 502 apparere
1691 440 1885 489 videtur
1924 456 1982 489 ex
2009 445 2257 489 nominum
2294 441 2540 490 locorum-

292 533 386 580 que
424 516 722 564 diversitate.
798 514 919 562 Nam
959 513 1121 561 Norici
1161 519 1209 561 et
1245 512 1487 561 Pannonii
1522 513 1716 561 Istriam
1754 519 2004 561 vastantes
2038 514 2143 575 jam
2181 522 2292 562 ante
2337 515 2539 576 expedi-

287 593 467 638 tionem
505 588 686 635 Tiberii
741 592 788 635 et
827 587 974 633 Drusi
1013 588 1130 633 victi
1169 588 1392 648 captique
1442 590 1490 634 et
1526 587 1617 634 sub
1665 587 1838 648 jugum
1876 589 2124 635 servitutis
2172 589 2307 635 missi
2358 595 2471 635 sunt
2508 602 2537 635 a

286 661 462 710 Publio
502 660 621 709 Silio
672 661 794 707 inter
840 672 994 706 annos
1034 661 1117 706 24.
1161 665 1208 706 et
1248 664 1331 717 30,
1382 672 1472 707 nec
1516 661 1675 706 minus
1723 660 1997 707 Communii
2048 666 2095 707 et
2142 660 2313 720 Venii,
2367 667 2537 722 gentes

288 736 513 797 Alpinae.
591 733 656 779 At
693 732 918 779 Tiberius
966 731 1250 794 Drususque
1301 745 1399 779 non
1449 731 1562 791 hos,
1615 731 1700 780 sed
1754 732 1970 780 Rhaetos
2020 731 2331 792 domuerunt,
2389 735 2472 794 qui
2510 748 2540 780 a

288 808 476 856 Noricis
517 820 673 867 usque
712 804 775 852 ad
812 804 1070 852 Helvetias
1110 807 1191 852 siti
1229 810 1356 852 sunt.
1407 804 1581 865 Itaque
1621 807 1662 852 si
1701 805 1822 851 nihil
1860 804 2079 866 impedit,
2120 813 2264 854 antea
2303 805 2539 867 quasdam

289 887 458 942 gentes
501 879 704 940 Alpinas
744 879 899 925 victas
940 891 1047 925 esse
1085 892 1115 925 a
1154 877 1300 938 Silio,
1355 879 1612 939 quominus
1659 885 1831 940 postea
1870 880 2179 927 vincerentur
2219 880 2472 927 universae
2511 895 2541 927 a

286 954 498 1013 Tiberio,
535 950 658 998 nihil
696 952 842 999 etiam
880 949 1096 1012 impedit,
1137 953 1292 998 victas
1320 964 1426 998 esse
1453 964 1484 997 a
1510 949 1720 1008 Tiberio,
1761 965 1857 1013 quo
1898 953 2057 998 minus
2101 956 2163 999 12
2195 951 2273 999 vel
2302 956 2364 1000 13
2402 953 2540 999 annis

288 1032 432 1075 antea
468 1015 580 1088 pars
633 1038 795 1073 earum
848 1024 1081 1070 tributum
1127 1023 1360 1085 penderet
1406 1023 1623 1071 subacta.
1697 1024 1824 1071 Nam
1863 1026 2010 1072 etiam
2058 1039 2186 1072 anno
2228 1030 2313 1072 21.
2354 1023 2539 1073 Salassi

288 1099 456 1147 domiti
494 1102 605 1146 sunt
645 1102 788 1158 capta
816 1097 1038 1158 Augusta
1064 1096 1500 1156 Praetorianornm,
1540 1110 1646 1144 cum
1686 1097 2026 1157 rebellassent,
2069 1104 2214 1146 antea
2253 1099 2399 1159 igitur
2435 1111 2540 1146 ser-

289 1174 528 1220 viverant.
579 1169 712 1218 Nihil
752 1170 897 1232 igitur
934 1168 1152 1231 impedit,
1192 1171 1338 1217 etiam
1378 1175 1603 1230 quartum
1640 1169 1812 1217 librum
1840 1186 1870 1218 a
1897 1169 2135 1219 Strabone
2174 1172 2407 1232 scriptum
2434 1185 2540 1219 esse

292 1251 405 1294 ante
452 1258 634 1292 annum
684 1246 767 1293 49.
808 1241 1087 1303 Julianum.;
1146 1241 1266 1290 nihil
1315 1243 1462 1290 etiam
1508 1250 1651 1291 nocet
1700 1252 1893 1292 nostrae
1946 1257 2124 1292 causae
2175 1245 2280 1307 ipso
2331 1243 2540 1307 Lydiato

291 1325 431 1379 teste,
473 1318 516 1365 si
553 1322 826 1379 postremus
865 1317 1079 1363 omnium
1117 1317 1180 1363 sit
1217 1317 1440 1377 scriptuS.

461 1389 568 1438 Fol.
612 1393 694 1437 28.
770 1388 944 1450 Itaque
983 1388 1154 1444 turbae
1190 1387 1303 1436 illae
1342 1388 1433 1436 snb
1471 1387 1783 1448 Ptoleman,
1831 1388 2157 1437 Mauritaniae
2196 1404 2337 1452 rege,
2390 1389 2541 1438 multo

287 1465 530 1527 posterius
569 1460 871 1521 acciderunt,
923 1476 1013 1510 nec
1051 1464 1311 1524 quicquam
1350 1462 1532 1509 faciunt
1570 1460 1632 1508 ad
1672 1476 1851 1509 annum
1899 1465 2067 1510 mortis
2105 1461 2287 1511 Jubae.
2363 1462 2544 1511 Contra

287 1550 404 1588 vero
455 1537 787 1584 testimonium
834 1535 1030 1594 Dionia,
1082 1534 1215 1596 quod
1264 1534 1484 1582 Herodes
1524 1534 1835 1598 (Archelaus)
1887 1550 2014 1583 anno
2070 1540 2151 1584 51.
2192 1535 2435 1598 relegatus
2480 1537 2543 1583 sit

287 1615 420 1658 trans
450 1609 616 1671 Alpes,
659 1623 753 1655 non
794 1609 862 1656 ita
889 1607 1031 1656 facile
1059 1610 1167 1667 ruit,
1211 1613 1262 1655 nt
1290 1609 1582 1668 imaginatur
1607 1608 1698 1654 sibi
1730 1607 1983 1671 Lydiatus‚
2026 1610 2106 1671 qui
2148 1609 2365 1658 sufficere
2404 1615 2544 1671 putat
2624 1619 2635 1665 f

287 1690 340 1731 ut
379 1682 534 1742 dicat,
583 1683 791 1729 Dionem
830 1681 922 1729 hoc
961 1696 1021 1729 ex
1058 1680 1265 1742 Josephi
1304 1680 1490 1728 lacunis
1531 1680 1776 1741 liansisse3
1831 1684 1927 1729 imo
1969 1697 2027 1730 ex
2067 1682 2251 1730 diurnis
2292 1682 2542 1730 Romano-

286 1770 389 1804 rum
431 1755 607 1815 hausit,
646 1769 758 1802 nam
798 1756 844 1800 in
884 1753 1106 1816 Josepho
1146 1767 1240 1801 non
1283 1754 1350 1801 ita
1387 1754 1642 1801 manifeste
1688 1769 1917 1816 expressa
1957 1762 2030 1803 cst
2069 1757 2299 1818 temporis
2339 1757 2544 1803 circum-

286 1831 480 1887 stantia,
523 1834 577 1876 ut
615 1829 731 1875 certi
770 1826 994 1875 consules
1035 1841 1092 1874 ex
1132 1841 1191 1875 ea
1230 1828 1416 1888 possint
1454 1825 1578 1874 elici.
1655 1826 1718 1873 Et
1755 1827 1883 1888 quod
1926 1835 2190 1875 monstrum
2231 1829 2402 1876 erroris
2440 1830 2545 1876 sine
2622 1875 2629 1878 .

286 1900 534 1964 exemp10,
574 1902 613 1947 si
643 1900 770 1948 Dion
799 1900 1158 1948 contentionem
1196 1900 1394 1947 fratrum
1433 1898 1493 1947 de
1521 1899 1821 1948 haereditate
1860 1903 2009 1962 patris
2049 1916 2154 1949 cum
2195 1904 2386 1949 actione
2424 1901 2544 1950 sub-

287 1974 494 2023 ditorum
541 1988 686 2036 super
736 1972 864 2022 male
902 1972 1240 2020 administrata
1278 1972 1529 2034 provincia
1569 1971 1807 2033 confudit,
1849 1987 1975 2035 quae
2017 1979 2072 2033 9,
2114 1989 2241 2036 quae
2281 1977 2428 2023 etiam
2470 1980 2536 2023 30
2616 1972 2626 1991 '⁷

286 2050 424 2095 annis
464 2048 584 2094 inter
623 2061 674 2094 se
716 2045 918 2104 distant,
971 2048 1019 2092 in
1065 2060 1212 2093 unum
1263 2053 1453 2107 tempus
1506 2045 1725 2106 conjecit.
1804 2045 2002 2107 Quanta
2049 2047 2280 2107 andacia,
2328 2047 2542 2110 profiteri

289 2120 650 2168 distinctionem
690 2118 858 2166 harum
897 2133 1070 2178 rerum,
1117 2120 1159 2166 si
1198 2120 1345 2167 etiam
1384 2117 1614 2167 confusae
1654 2120 1724 2167 sic
1764 2126 1942 2168 essent.
2022 2119 2192 2183 Apage
2234 2122 2544 2183 perversissi-

285 2207 416 2243 mum
455 2194 730 2255 scriptionis
769 2190 944 2255 genus!

461 2265 599 2327 Quae
640 2266 734 2313 Dio
775 2264 834 2314 de
874 2264 1085 2312 Cornelii
1126 2262 1266 2312 Cossi
1306 2262 1615 2326 expeditione
1655 2265 1703 2311 in
1744 2262 2023 2313 Gaetuliam
2063 2264 2157 2314 hoc
2207 2265 2378 2314 eodem
2417 2279 2543 2314 anno

288 2343 372 2388 51.
414 2345 775 2398 commemorat,
816 2352 875 2386 ca
911 2351 1008 2386 non
1047 2342 1286 2385 testantur
1334 2336 1394 2385 de
1432 2336 1568 2385 Juba
1615 2340 1889 2399 superstite.
1966 2338 2091 2386 Nam
2132 2340 2259 2387 circa
2296 2338 2382 2387 illa
2420 2345 2544 2387 tem·
2610 2338 2622 2380 -’

285 2426 406 2474 pora
446 2411 597 2474 (Dion
637 2409 726 2475 ait)
771 2426 830 2459 ea
880 2410 1024 2461 sacta.
1102 2408 1290 2471 Quodsi
1339 2411 1519 2458 Cossus
1573 2409 1657 2458 illo
1709 2424 1838 2458 anno
1880 2413 1963 2460 51.
2013 2411 2305 2474 triumphum
2355 2414 2543 2471 meruit,

287 2483 483 2533 Gaetuli
512 2499 639 2533 anno
668 2489 752 2534 50.
781 2483 1075 2532 rebellarunt
1099 2482 1291 2544 anae3
1332 2484 1498 2544 itaque
1536 2491 1756 2545 apparet,
1795 2483 1938 2532 finem
1965 2482 2129 2533 Jubae
2169 2484 2458 2534 coincidisse
2497 2490 2546 2534 et

288 2557 580 2606 Archelaum
619 2559 665 2604 in
708 2559 814 2619 ipso
852 2557 1099 2619 principio
1128 2558 1420 2605 matrimonii
1462 2571 1570 2604 cum
1610 2556 1716 2618 ejus
1745 2556 1894 2605 vidua
1926 2571 2210 2619 oppressum
2251 2560 2400 2620 inque
2440 2559 2544 2606 exi-

286 2630 406 2678 lium
447 2637 609 2679 actum
650 2644 780 2690 esse,
834 2629 966 2691 quod
1017 2631 1161 2677 etiam
1212 2630 1387 2677 somnii
1436 2630 1797 2678 circumstantia
1834 2631 2017 2691 arguit;
2070 2644 2165 2679 non
2215 2633 2346 2680 enim
2382 2632 2541 2680 locum

287 2702 440 2753 habet
477 2704 574 2752 tale
614 2705 855 2751 somnium
893 2703 982 2749 nisi
1023 2703 1072 2748 in
1110 2703 1346 2765 principio
1387 2704 1468 2762 rei,
1511 2701 1570 2750 de
1610 2717 1708 2765 qua
1748 2708 1820 2750 est
1858 2705 2114 2753 somnium.

466 2776 625 2839 Caput
663 2775 752 2826 IV.
832 2774 1070 2838 Lydiatus
1122 2789 1275 2823 annos
1313 2774 1524 2824 Herodis
1565 2777 1629 2824 37
1673 2775 1921 2823 contendit
1971 2775 2274 2825 inchoandos
2311 2777 2373 2826 ab
2414 2790 2540 2826 anno

283 2848 487 2899 ,Juliano
519 2850 600 2900 15.
641 2848 834 2896 duobus
872 2848 1195 2910 argumentis:
1236 2849 1416 2910 primo,
1457 2849 1574 2909 qnia
1612 2854 1726 2896 tune
1765 2847 1833 2895 illi
1863 2848 2195 2898 confirmatum
2225 2851 2287 2898 ab
2315 2850 2540 2913 Augusto
2609 2852 2613 2854 ’

286 2937 503 2986 regnum,
545 2921 676 2985 quod
713 2922 907 2983 penitus
933 2922 1165 2969 amissum
1192 2928 1295 2969 erat
1324 2923 1450 2969 victo
1479 2921 1709 2979 Antonio,
1752 2920 1940 2982 deinde,
1981 2925 2098 2985 quia
2121 2929 2366 2986 superstes
2393 2937 2541 2972 eous-

287 3011 382 3059 que
421 2995 565 3044 fuerit
602 2995 863 3059 Hyrcanus
902 2993 1148 3056 quondam
1186 3008 1285 3042 rex,
1364 2993 1587 3055 Speciem
1625 2993 1860 3043 haberent
1898 2996 2016 3055 ista,
2070 2998 2111 3044 si
2165 3012 2262 3045 non
2302 3001 2543 3046 constaret

286 3069 497 3129 aliunde,
538 3069 711 3118 seriem
750 3081 985 3117 annorum
1022 3066 1232 3115 Herodis
1273 3067 1417 3115 etiam
1456 3072 1601 3115 antea
1639 3073 1964 3128 numeratam,
2014 3068 2139 3118 adeo
2179 3076 2232 3118 ut
2270 3084 2412 3118 casus
2451 3071 2542 3118 iste

286 3144 455 3198 amissi
493 3148 542 3191 et
579 3143 849 3204 recuperati
888 3142 1022 3203 regni
1061 3140 1309 3202 conjectus
1337 3141 1400 3187 sit
1424 3140 1588 3188 verbis
1625 3139 1815 3189 disertis
1856 3143 1901 3187 in
1943 3156 2123 3190 annum
2165 3144 2301 3205 regni
2328 3142 2538 3191 Herodis

286 3218 561 3278 septimum.
640 3214 947 3277 Quamquam
987 3214 1095 3276 quis
1134 3212 1257 3261 adeo
1297 3212 1522 3275 stupidus
1561 3219 1655 3273 est,
1706 3216 1789 3275 qui
1830 3213 2112 3277 Hyrcanum
2152 3218 2305 3278 primo
2345 3215 2536 3264 exulem

287 3295 337 3337 et
374 3288 632 3337 multatum
673 3302 888 3351 corpore,
927 3293 1100 3349 postea
1139 3301 1385 3335 reversum
1426 3284 1634 3348 quidem,
1676 3287 1762 3334 sed
1802 3289 2031 3349 auspiciis
2069 3290 2196 3350 regis
2222 3288 2450 3350 Herodis,
2491 3293 2538 3337 et

285 3363 530 3423 privatam
569 3363 722 3409 vitam
759 3362 850 3409 sub
889 3359 988 3408 alio
1027 3375 1139 3422 rege
1177 3359 1461 3419 habentem,
1502 3373 1587 3421 pro
1626 3374 1738 3421 rege
1778 3359 1981 3421 habeat,
2038 3361 2177 3423 eujus
2215 3374 2369 3410 annos
2405 3360 2540 3423 regni

286 3440 520 3495 numeret,
562 3449 673 3483 eum
712 3441 906 3493 contra,
948 3434 1032 3496 qui
1069 3448 1120 3482 re
1158 3433 1267 3495 ipsa
1302 3447 1385 3480 rex
1422 3433 1514 3480 fuit
1550 3431 1881 3480 Romanorum
1920 3441 1968 3482 et
2005 3433 2308 3484 Judaeorum
2346 3433 2540 3487 conses-

287 3508 448 3568 sione,
499 3522 586 3570 pro
626 3509 813 3556 somnio
863 3507 1043 3555 habeat
1094 3520 1182 3554 nee
1221 3506 1326 3567 ejus
1364 3506 1498 3567 regni
1537 3519 1690 3553 annos
1729 3512 1976 3566 numeret,
2032 3508 2116 3569 qui
2163 3508 2299 3570 regni
2346 3506 2541 3570 negotia

286 3580 421 3628 solus
460 3583 563 3629 sine
590 3579 869 3629 adversario
897 3578 1174 3628 tractabat?
1213 3579 1481 3628 Distinctas
1505 3579 1677 3640 opinor
1715 3581 2024 3640 quaestiones
2064 3595 2198 3628 esse:
2240 3581 2350 3642 quis
2376 3583 2544 3642 regnet

291 3658 339 3700 et
380 3667 474 3715 quo
515 3654 721 3716 quisque
769 3654 876 3715 J‘ure
925 3658 1120 3715 regnet3
1175 3651 1426 3699 distinctas
1478 3653 1621 3700 etiam
1667 3663 1769 3698 res:
1821 3658 1930 3700 acta
1971 3653 2016 3698 in
2066 3667 2214 3712 regno
2254 3651 2538 3710 rescindere,

291 3726 424 3778 irrita
460 3728 801 3787 pronunciare,
852 3727 988 3788 regni
1038 3726 1250 3774 anteacti
1299 3726 1579 3774 memoriam
1631 3724 1826 3774 abolere
1874 3739 2174 3787 regnumque
2226 3727 2366 3787 quasi
2414 3737 2540 3772 nunc

293 3796 484 3846 demum
523 3813 690 3848 verum
729 3800 966 3860 tribuere,
1007 3803 1070 3860 et,
1109 3812 1332 3861 regnum,
1372 3799 1420 3845 in
1461 3795 1591 3860 quod
1631 3796 1742 3844 olim
1782 3798 1888 3860 ipse
1927 3800 2074 3847 etiam
2113 3799 2412 3849 consenseris
2448 3795 2538 3846 ad-
