2652 4088
1099 123 1182 210 Iis.
1214 160 1514 219 Astrologica.
1732 121 1742 125 »
2315 163 2422 222 299

171 318 489 384 promissores
527 314 792 377 offendunt,
831 313 1050 376 levioris,
1089 328 1188 363 non
1225 317 1387 363 tamen
1425 311 1604 362 nullius
1641 313 1875 362 momenti
1913 317 2000 363 est.
2060 311 2127 362 At
2163 312 2204 362 si
2241 313 2293 361 in
2316 310 2427 362 loco

173 391 255 442 vel
293 391 602 452 haerentem,
641 404 727 455 per
763 389 1000 438 stationes
1013 422 1025 448 ,
1077 387 1158 437 vel
1199 402 1256 437 eo
1295 401 1541 436 reversum
1581 388 1900 446 conveniant,
1945 387 2144 435 maximi
2182 387 2430 436 momenti.

174 464 410 530 Exempla
446 463 594 527 hujus
634 477 791 512 casus.
867 461 1028 509 Primo
1066 457 1104 525 Γ)
1140 460 1286 510 valde
1325 459 1491 509 tardus
1541 461 1667 509 intra
1706 459 1809 509 dies
1851 473 2034 523 paucos
2074 461 2278 523 exiguos
2317 459 2434 508 facit

173 551 475 603 progressus.
528 535 603 585 Sit
633 536 695 598 Θ
723 540 836 584 ante
874 535 1035 599 ipsum
1073 533 1306 598 gradibus
1343 533 1531 598 paucis,
1570 534 1740 597 paucis
1778 533 1925 595 igitur
1963 533 2135 582 diebus
2173 533 2236 582 ad
2273 535 2433 598 ipsum

172 612 324 672 venit,
366 608 613 659 offendens
651 612 809 673 ipsum
847 609 897 654 in
933 620 1023 655 suo
1062 621 1185 671 pene
1223 607 1451 671 hospitio,
1529 611 1574 658 2.
1603 599 1651 672 ῼ
1673 607 1938 655 stationum
1977 606 2134 655 facilis
2173 611 2248 655 est
2284 604 2431 655 intel-

175 683 307 734 lectu
348 697 504 734 casus,
578 682 674 730 Per
710 681 1036 730 reversionem
1077 680 1254 744 duplex
1294 684 1368 729 est
1406 693 1561 730 casus,
1622 678 1724 728 Aut
1761 681 1804 728 si
1840 679 2111 729 retrocedat
2147 679 2298 744 paulo
2323 683 2436 745 post

178 756 478 820 significator
516 760 564 804 et
600 754 751 803 habet
787 753 947 809 locum
985 755 1036 801 in
1075 750 1117 818 ῼ
1149 750 1219 820 ζρς
1262 758 1310 803 3.
1339 758 1424 801 aut
1460 753 1501 800 si
1541 767 1652 801 vere
1678 759 1974 814 revertatur,
2016 758 2064 801 et
2099 753 2250 802 habet
2272 753 2434 802 locum

176 831 227 877 in
266 829 374 878 sola
399 824 485 895 Q,
525 832 580 876 ut
618 828 659 875 si
685 824 754 893 O
796 828 859 875 sit
885 832 996 876 ante
1020 822 1088 893 ᾧ
1116 824 1223 887 280,
1266 825 1437 875 diebus
1464 825 1667 874 totidem
1707 831 1754 875 et
1791 829 1896 890 ipse
1935 831 1984 875 et
2007 821 2076 892 Q
2103 828 2152 873 in
2178 825 2339 875 locum
2363 822 2432 892 Q

172 904 430 968 pristinum
480 903 792 951 conveniunt.
867 899 1007 949 Haec
1043 906 1162 948 nota.
1198 913 1284 964 pro
1325 898 1633 948 climacterici
1678 900 1792 948 anni
1832 905 1921 962 27,
1965 904 2030 948 28
2072 899 2434 964 periculositate

168 973 567 1039 jactata-doctis,
643 973 701 1021 Id
739 974 949 1022 maxime
995 974 1142 1022 etiam
1191 971 1304 1021 inde
1355 971 1684 1035 confirmatur,
1735 972 1867 1035 quod
1914 968 2301 1022 antea'constat
2345 987 2434 1022 ex-

170 1049 422 1112 perientia,
462 1048 505 1096 si
543 1047 858 1095 miscerentur
897 1046 1186 1095 directiones
1225 1061 1285 1094 ex
1323 1046 1585 1108 praeterito
1626 1050 1674 1094 et
1713 1045 2045 1095 revolutiones
2086 1060 2146 1094 ex
2171 1047 2430 1108 praesenti,

174 1126 222 1171 et
258 1121 351 1170 hoc
389 1121 606 1180 eveniat,
646 1119 696 1166 id
733 1133 831 1167 non
872 1133 978 1168 esse
1016 1118 1207 1179 frustra,
1246 1119 1341 1166 nisi
1368 1118 1569 1167 directio
1597 1117 1726 1167 Solis
1765 1119 1828 1166 sit
1866 1117 1928 1167 ad
1966 1117 2231 1181 hospitium
2258 1118 2433 1182 plane-

173 1202 253 1244 tae
290 1195 456 1257 ibique
493 1195 542 1240 in
580 1193 825 1255 praesenti
875 1192 1074 1255 planeta
1111 1191 1193 1240 ille
1230 1193 1522 1254 reperiatur,
1574 1197 1659 1239 aut
1698 1193 1844 1241 etiam
1886 1192 1929 1240 si
1968 1191 2088 1241 alibi
2127 1190 2438 1242 directionem

173 1267 475 1318 incedentem
525 1266 725 1330 planeta
770 1279 886 1314 vero
938 1270 985 1314 et
1032 1266 1226 1328 proprio
1274 1270 1410 1313 motu
1463 1264 1692 1313 incedens
1743 1263 2001 1326 ostendat,
2050 1264 2226 1314 leviori
2275 1270 2438 1315 tamen

174 1341 544 1406 significatione.
605 1339 727 1387 Mihi
768 1339 944 1387 aetatis
982 1351 1110 1386 anno
1150 1338 1391 1386 tricesimo
1432 1342 1650 1386 currente
1691 1343 1820 1387 esset
1859 1337 2061 1387 directio
2088 1333 2158 1404 Q
2186 1336 2250 1386 ad
2283 1351 2342 1392 00
2377 1334 2438 1405 ᾤ,

174 1416 235 1475 [l
254 1421 292 1472 (ς
335 1414 473 1462 fortis
510 1412 670 1475 valde,
709 1427 823 1460 nam
849 1416 922 1460 est
946 1412 996 1458 in
1021 1410 1179 1460 reditu
1205 1412 1386 1459 mensis
1413 1410 1715 1473 (directorie)
1753 1411 1921 1473 ibique
1960 1410 2051 1460 hos
2080 1410 2243 1460 radios
2272 1416 2441 1461 osten-

178 1487 264 1540 dit.
342 1488 485 1535 Anno
533 1501 651 1535 vero
705 1491 788 1534 29.
832 1499 954 1533 eurr.
990 1482 1060 1551 Q)
1099 1488 1227 1534 esset
1263 1485 1311 1530 in
1340 1485 1399 1544 [l
1425 1481 1462 1548 ἣ
1516 1498 1603 1547 per
1640 1483 1981 1546 directionem,
2021 1483 2059 1550 Β
2086 1484 2353 1547 immobili,
2395 1490 2444 1534 et

177 1574 305 1611 anno
347 1565 432 1609 30.
473 1573 595 1608 eurr.
634 1561 683 1606 in
712 1560 771 1619 [Ι
802 1552 858 1622 f),
899 1557 1095 1606 mobilis
1135 1556 1441 1606 considerati.
1504 1557 1676 1606 Annus
1716 1558 1864 1621 igitur
1900 1556 2164 1607 admodum
2202 1557 2446 1621 periculo-
2532 1565 2539 1572 '

169 1649 270 1684 suS.
342 1633 406 1682 Et
457 1634 573 1696 quia
625 1631 728 1681 dies
782 1637 865 1680 29.
906 1633 1108 1682 intersit
1142 1632 1267 1679 inter
1322 1633 1403 1695 15,
1448 1635 1474 1678 7
1505 1634 1560 1692 ,g
1602 1636 1650 1679 et
1692 1636 1774 1680 14.
1815 1636 1882 1681 34
1906 1639 2031 1695 m,
2085 1636 2279 1696 tempus
2327 1647 2446 1683 vero

170 1706 610 1757 additamentorum
646 1705 695 1753 h.
727 1710 774 1754 2.
807 1706 873 1766 3‘,
914 1719 1029 1768 ergo
1058 1717 1146 1768 pro
1174 1703 1269 1753 fine
1309 1703 1405 1752 diei
1433 1708 1499 1753 29
1527 1709 1643 1768 post
1678 1719 1839 1753 meum
1868 1711 2024 1754 ortum
2052 1705 2177 1755 adde
2204 1705 2266 1755 ad
2292 1704 2362 1755 Μ.
2391 1705 2446 1756 Ο.

170 1781 218 1832 h.
244 1786 291 1830 2.
321 1782 388 1830 3’.
430 1778 685 1828 Addentur
711 1777 881 1828 eadem
909 1777 971 1827 ad
1002 1784 1179 1836 ortum,
1221 1779 1306 1840 qui
1334 1791 1442 1826 cum
1481 1779 1545 1825 sit
1581 1782 1663 1827 24.
1698 1783 1764 1828 40
1793 1780 1876 1840 Π,
1916 1779 2248 1842 proficiscetur
2284 1779 2336 1828 id
2362 1794 2450 1842 per

174 1854 490 1903 directionem
548 1851 642 1901 fine
692 1853 806 1900 anni
847 1857 929 1904 29.
964 1853 1014 1899 in
1053 1856 1115 1900 21
1140 1848 1223 1917 ὓ,
1264 1850 1426 1899 locum
1477 1865 1576 1899 non
1626 1851 1825 1902 malum.
1913 1852 2133 1915 Cumque
2185 1852 2289 1902 dies
2342 1856 2445 1903 365

177 1929 296 1978 anni
338 1932 472 1976 1601
515 1926 669 1974 fluant
697 1940 728 1975 a
755 1922 886 1974 361⁰
923 1927 1203 1987 aequatoris
1244 1923 1339 1973 diei
1369 1929 1454 1973 29.
1494 1930 1608 1988 post
1644 1940 1804 1974 meum
1833 1931 2006 1986 ortum,
2048 1940 2162 1990 ergo
2199 1931 2314 1989 post
2345 1925 2448 1976 dies

175 2003 259 2063 24,
300 2015 367 2050 sc.
410 2004 493 2049 30.
533 1998 650 2049 Jan.
691 2000 739 2044 in
788 1997 951 2048 sextili
988 1997 1178 2059 Martis,
1217 2003 1330 2060 post
1368 2002 1462 2060 31,
1501 2012 1568 2047 sc.
1613 2003 1660 2050 6.
1697 1999 1841 2049 Febr.
1879 2000 1929 2047 in
1969 2000 2029 2060 [l
2055 1996 2109 2060 Β,
2136 2005 2250 2063 post
2289 2003 2356 2049 80
2395 2001 2446 2047 in

176 2085 236 2126 σο
277 2069 355 2141 Ἡ,
394 2087 461 2122 sc.
490 2077 572 2122 30.
601 2071 783 2132 Martii,
823 2077 938 2135 post
979 2076 1096 2131 107,
1135 2085 1204 2120 sc.
1234 2073 1319 2120 23.
1359 2070 1476 2134 Apr.
1503 2073 1551 2118 in
1582 2081 1641 2125 0²
1693 2078 1763 2133 (ς,
1804 2074 1930 2121 eirca
1959 2078 2041 2123 12.
2066 2071 2184 2123 Jun.
2214 2073 2264 2120 in
2291 2068 2357 2130 J
2385 2068 2444 2138 ῒ).

346 2144 491 2209 Quod
538 2149 735 2208 propter
772 2146 1131 2194 astronomiam
1167 2149 1472 2207 praesentem
1529 2147 1719 2194 animus
1769 2147 1817 2193 in
1868 2148 2113 2209 praesenti
2155 2145 2351 2196 realiter
2396 2153 2444 2198 et

172 2219 470 2279 durabiliter,
509 2217 639 2268 idem
678 2223 877 2281 propter
913 2217 1370 2280 multiplicationem
1410 2223 1458 2266 et
1496 2219 1888 2282 prorogationem
1927 2219 2074 2283 hujus
2100 2221 2442 2282 astronomiae,

178 2292 238 2343 de
277 2307 376 2356 qua
412 2306 576 2355 supra,
615 2292 793 2354 repetit
831 2297 880 2341 et
919 2292 1204 2354 exsequitur
1241 2293 1292 2338 in
1330 2291 1491 2340 futuro
1529 2293 1820 2342 transitorie.
1898 2291 1965 2341 At
2003 2307 2086 2342 cur
2122 2296 2171 2341 in
2199 2295 2444 2356 praesenti

170 2381 267 2416 non
304 2366 519 2430 perimit,
575 2378 700 2413 anne
750 2366 878 2413 aetio
930 2364 1036 2427 ejus
1085 2370 1158 2414 est
1205 2363 1412 2412 fortior?
1489 2363 1614 2427 Quia
1655 2361 1896 2430 εὔκρατος
1947 2371 2020 2415 est
2067 2366 2225 2416 infans
2273 2381 2443 2417 recens

172 2446 331 2489 natue.
409 2439 697 2488 Accuratior
740 2439 951 2500 partium
999 2437 1232 2486 diductio,
1318 2437 1480 2486 Primo
1529 2439 1580 2484 in
1628 2438 1891 2489 directione
1942 2453 2050 2488 cum
2104 2439 2207 2490 dies
2261 2454 2443 2490 annum

174 2513 398 2574 denotet,
455 2518 503 2561 et
551 2516 650 2560 tres
699 2512 796 2558 sint
836 2510 1050 2559 distincti
1089 2515 1250 2559 motus
1288 2510 1491 2572 Terrae,
1532 2513 1677 2574 anni,
1716 2514 1895 2562 mensis
1935 2518 1983 2562 et
2021 2513 2133 2574 diei,
2174 2513 2349 2576 triplex
2388 2514 2442 2564 fit

174 2586 297 2636 haec
337 2586 556 2635 directio.
632 2584 823 2633 Deinde
865 2583 944 2633 vel
982 2590 1129 2647 caput
1166 2586 1306 2646 anni,
1358 2585 1566 2650 mensis,
1618 2585 1714 2635 diei
1752 2585 2073 2650 progreditur,
2117 2586 2247 2650 quod
2284 2588 2443 2651 potis-

175 2661 285 2708 simi
325 2664 400 2708 est
436 2659 696 2718 momenti,
750 2657 829 2707 vel
878 2656 1014 2706 sidus
1053 2673 1084 2707 a
1122 2658 1296 2720 capite.
1373 2658 1452 2707 Ita
1487 2657 1542 2706 fit
1578 2659 1835 2722 sextuplex
1871 2661 2148 2723 progressio
2188 2660 2441 2723 significa-

177 2734 381 2782 tionum.
471 2731 639 2780 Tertio
697 2727 933 2791 ἐνζευξεις
983 2729 1349 2780 considerantur
1407 2732 1488 2780 vel
1536 2730 1599 2781 ad
1648 2733 1872 2782 natalitia
1921 2734 2265 2796 promissorum
2313 2733 2437 2796 loca,

176 2806 256 2856 vel
293 2805 358 2855 ad
396 2805 669 2869 ephemera.
744 2803 826 2852 Fit
864 2805 1029 2867 itaque
1070 2803 1379 2868 duodecupla
1418 2804 1636 2858 directio.

346 2879 403 2927 In
428 2877 817 2928 revolutionibus
859 2891 967 2926 cum
994 2879 1087 2926 tria
1120 2877 1281 2926 sidera
1319 2877 1600 2942 dirigantur,
1640 2879 1844 2929 totidem
1872 2884 1920 2929 et
1942 2878 2257 2929 revolventur
2282 2881 2438 2943 signi-

176 2950 419 3001 ficatoria:
474 2951 555 3014 Θ,
596 2947 682 3017 Q,
724 2949 959 3000 cardines.
1028 2950 1090 3013 Θ
1130 2950 1400 3000 revolvitur
1438 2951 1502 3000 ad
1542 2951 1716 3004 declin.
1756 2951 2046 3015 natalitiam,
2087 2949 2156 3020 Q
2196 2952 2260 3002 ad
2299 2968 2437 3003 suam

175 3030 385 3075 aetatem
422 3024 712 3084 natalitiam,
754 3023 972 3073 cardines
1012 3023 1074 3072 ad
1113 3023 1283 3072 horam
1321 3025 1612 3073 natalitiam.
1689 3026 1768 3074 An
1807 3040 1864 3075 eo
1912 3026 2076 3075 veniet
2124 3024 2258 3074 sidus
2308 3041 2437 3076 anno

177 3098 407 3162 quolibet,
449 3111 545 3161 quo
585 3095 845 3159 dirigitur?
895 3096 1021 3157 Non,
1062 3097 1147 3146 sed
1187 3098 1236 3144 in
1275 3096 1481 3146 eandem
1518 3098 1719 3160 plagam
1756 3100 1810 3147 fit
1833 3104 1995 3148 motus
2033 3103 2252 3162 uterque.
2310 3099 2436 3150 Pro-

175 3173 333 3235 portio
381 3185 496 3221 vero
543 3175 763 3218 motuum
796 3189 854 3209 =
891 3174 1056 3219 1:36.
1144 3168 1241 3219 Sed
1287 3169 1342 3217 fit
1387 3169 1473 3219 illa
1522 3170 1696 3233 triplex
1740 3171 1998 3224 revolutio.
2087 3170 2277 3223 Deinde
2328 3171 2467 3223 loca¹

175 3243 495 3305 revolutor-ia,
537 3257 663 3306 quae
700 3241 800 3291 alia
837 3247 985 3304 atque
1024 3242 1121 3291 alia
1159 3248 1271 3290 sunt
1309 3242 1400 3290 sub
1438 3242 1575 3305 fixis,
1630 3242 1709 3292 vel
1748 3245 1965 3294 incidunt
2004 3246 2051 3292 in
2091 3247 2438 3308 promissorum

173 3316 285 3368 loca
320 3317 544 3368 natalitia
580 3315 659 3365 vel
698 3315 969 3378 ephemera.
1044 3314 1126 3364 Sic
1165 3319 1239 3363 est
1275 3314 1532 3377 sextuplex
1571 3315 1827 3367 revoluti0.
