<?xml version="1.0" encoding="UTF-8"?>
<!DOCTYPE html PUBLIC "-//W3C//DTD XHTML 1.0 Transitional//EN"
    "http://www.w3.org/TR/xhtml1/DTD/xhtml1-transitional.dtd">
<html xmlns="http://www.w3.org/1999/xhtml" xml:lang="en" lang="en">
 <head>
  <title>
</title>
<meta http-equiv="Content-Type" content="text/html;charset=utf-8" />
  <meta name='ocr-system' content='tesseract 3.04.00' />
  <meta name='ocr-capabilities' content='ocr_page ocr_carea ocr_par ocr_line ocrx_word'/>
</head>
<body>
  <div class='ocr_page' id='page_1' title='image "./operaomniaedidit81kepluoft_0048.png"; bbox 0 0 2652 4088; ppageno 0'>
   <div class='ocr_carea' id='block_1_1' title="bbox 340 157 1672 221">
    <p class='ocr_par' dir='ltr' id='par_1_1' title="bbox 340 157 1672 221">
     <span class='ocr_line' id='line_1_1' title="bbox 340 157 1672 221; baseline -0.002 -14"><span class='ocrx_word' id='word_1_1' title='bbox 340 164 410 221; x_wconf 80' lang='lat'>34</span> <span class='ocrx_word' id='word_1_2' title='bbox 1268 160 1297 205; x_wconf 86' lang='lat' dir='ltr'><strong>J</strong></span> <span class='ocrx_word' id='word_1_3' title='bbox 1300 158 1457 205; x_wconf 87' lang='lat' dir='ltr'>oannis</span> <span class='ocrx_word' id='word_1_4' title='bbox 1487 157 1672 218; x_wconf 88' lang='lat' dir='ltr'>Kepleri</span> 
     </span>
    </p>
   </div>
   <div class='ocr_carea' id='block_1_2' title="bbox 306 310 2588 3438">
    <p class='ocr_par' dir='ltr' id='par_1_2' title="bbox 336 310 2588 451">
     <span class='ocr_line' id='line_1_2' title="bbox 339 310 2588 375; baseline -0.001 -13"><span class='ocrx_word' id='word_1_5' title='bbox 339 312 530 363; x_wconf 89' lang='lat' dir='ltr'>duobus</span> <span class='ocrx_word' id='word_1_6' title='bbox 571 311 808 374; x_wconf 88' lang='lat' dir='ltr'>oppositis</span> <span class='ocrx_word' id='word_1_7' title='bbox 845 311 896 359; x_wconf 92' lang='lat' dir='ltr'>in</span> <span class='ocrx_word' id='word_1_8' title='bbox 933 325 1059 360; x_wconf 88' lang='lat' dir='ltr'>anno</span> <span class='ocrx_word' id='word_1_9' title='bbox 1098 311 1270 360; x_wconf 85' lang='lat' dir='ltr'><strong>transit</strong></span> <span class='ocrx_word' id='word_1_10' title='bbox 1307 312 1355 357; x_wconf 88' lang='lat' dir='ltr'>in</span> <span class='ocrx_word' id='word_1_11' title='bbox 1391 316 1573 373; x_wconf 90' lang='lat' dir='ltr'>puncto</span> <span class='ocrx_word' id='word_1_12' title='bbox 1610 310 1846 361; x_wconf 81' lang='lat' dir='ltr'>meridiei.</span> <span class='ocrx_word' id='word_1_13' title='bbox 1911 310 2107 374; x_wconf 88' lang='lat' dir='ltr'>Ceteris,</span> <span class='ocrx_word' id='word_1_14' title='bbox 2147 312 2230 374; x_wconf 91' lang='lat' dir='ltr'>qui</span> <span class='ocrx_word' id='word_1_15' title='bbox 2255 325 2423 360; x_wconf 89' lang='lat' dir='ltr'>versus</span> <span class='ocrx_word' id='word_1_16' title='bbox 2447 310 2588 375; x_wconf 88' lang='lat' dir='ltr'>polos</span> 
     </span>
     <span class='ocr_line' id='line_1_3' title="bbox 336 380 1955 451; baseline -0.002 -16"><span class='ocrx_word' id='word_1_17' title='bbox 336 388 562 449; x_wconf 91' lang='lat' dir='ltr'>utrinque</span> <span class='ocrx_word' id='word_1_18' title='bbox 600 384 838 445; x_wconf 90' lang='lat' dir='ltr'>habitant,</span> <span class='ocrx_word' id='word_1_19' title='bbox 880 385 928 431; x_wconf 91' lang='lat' dir='ltr'>in</span> <span class='ocrx_word' id='word_1_20' title='bbox 967 383 1165 434; x_wconf 88' lang='lat' dir='ltr'>meridie</span> <span class='ocrx_word' id='word_1_21' title='bbox 1204 383 1291 433; x_wconf 86' lang='lat' dir='ltr'>Sol</span> <span class='ocrx_word' id='word_1_22' title='bbox 1330 382 1540 433; x_wconf 82' lang='lat' dir='ltr'>declinat</span> <span class='ocrx_word' id='word_1_23' title='bbox 1578 399 1608 433; x_wconf 91' lang='lat' dir='ltr'>a</span> <span class='ocrx_word' id='word_1_24' title='bbox 1646 386 1826 434; x_wconf 90' lang='lat' dir='ltr'>vertice</span> <span class='ocrx_word' id='word_1_25' title='bbox 1846 380 1955 451; x_wconf 86' lang='lat'>¹⁰⁰).</span> 
     </span>
    </p>

    <p class='ocr_par' dir='ltr' id='par_1_3' title="bbox 322 455 2587 1542">
     <span class='ocr_line' id='line_1_4' title="bbox 509 455 2587 518; baseline 0 -13"><span class='ocrx_word' id='word_1_26' title='bbox 509 457 708 506; x_wconf 83' lang='lat' dir='ltr'>Habent</span> <span class='ocrx_word' id='word_1_27' title='bbox 746 459 796 504; x_wconf 91' lang='lat' dir='ltr'>in</span> <span class='ocrx_word' id='word_1_28' title='bbox 834 455 1058 506; x_wconf 90' lang='lat' dir='ltr'>Levania</span> <span class='ocrx_word' id='word_1_29' title='bbox 1096 463 1144 506; x_wconf 90' lang='lat' dir='ltr'>et</span> <span class='ocrx_word' id='word_1_30' title='bbox 1180 455 1463 505; x_wconf 85' lang='lat' dir='ltr'>nonnullam</span> <span class='ocrx_word' id='word_1_31' title='bbox 1499 457 1884 507; x_wconf 89' lang='lat' dir='ltr'>vicissitudinem</span> <span class='ocrx_word' id='word_1_32' title='bbox 1921 457 2122 505; x_wconf 87' lang='lat' dir='ltr'>aestatis</span> <span class='ocrx_word' id='word_1_33' title='bbox 2168 462 2216 504; x_wconf 90' lang='lat' dir='ltr'>et</span> <span class='ocrx_word' id='word_1_34' title='bbox 2252 457 2448 518; x_wconf 91' lang='lat' dir='ltr'>hiemis,</span> <span class='ocrx_word' id='word_1_35' title='bbox 2501 456 2587 506; x_wconf 90' lang='lat' dir='ltr'>sed</span> 
     </span>
     <span class='ocr_line' id='line_1_5' title="bbox 335 529 2583 593; baseline -0.001 -14"><span class='ocrx_word' id='word_1_36' title='bbox 335 544 442 579; x_wconf 91' lang='lat' dir='ltr'>eam</span> <span class='ocrx_word' id='word_1_37' title='bbox 493 544 583 579; x_wconf 90' lang='lat' dir='ltr'>nec</span> <span class='ocrx_word' id='word_1_38' title='bbox 633 529 1009 593; x_wconf 84' lang='lat' dir='ltr'>comparandam</span> <span class='ocrx_word' id='word_1_39' title='bbox 1059 531 1294 579; x_wconf 87' lang='lat' dir='ltr'>varietate</span> <span class='ocrx_word' id='word_1_40' title='bbox 1343 543 1452 577; x_wconf 90' lang='lat' dir='ltr'>cum</span> <span class='ocrx_word' id='word_1_41' title='bbox 1497 535 1688 592; x_wconf 86' lang='lat' dir='ltr'>nostra,</span> <span class='ocrx_word' id='word_1_42' title='bbox 1736 545 1827 579; x_wconf 91' lang='lat' dir='ltr'>nec</span> <span class='ocrx_word' id='word_1_43' title='bbox 1866 536 1919 577; x_wconf 91' lang='lat' dir='ltr'>ut</span> <span class='ocrx_word' id='word_1_44' title='bbox 1954 543 2042 577; x_wconf 92' lang='lat' dir='ltr'>nos</span> <span class='ocrx_word' id='word_1_45' title='bbox 2092 544 2282 592; x_wconf 86' lang='lat' dir='ltr'>semper</span> <span class='ocrx_word' id='word_1_46' title='bbox 2327 530 2498 578; x_wconf 91' lang='lat' dir='ltr'>iisdem</span> <span class='ocrx_word' id='word_1_47' title='bbox 2536 531 2583 577; x_wconf 91' lang='lat' dir='ltr'>in</span> 
     </span>
     <span class='ocr_line' id='line_1_6' title="bbox 331 601 2587 667; baseline 0 -16"><span class='ocrx_word' id='word_1_48' title='bbox 331 603 474 663; x_wconf 88' lang='lat' dir='ltr'>locis,</span> <span class='ocrx_word' id='word_1_49' title='bbox 528 601 700 652; x_wconf 87' lang='lat' dir='ltr'>eodem</span> <span class='ocrx_word' id='word_1_50' title='bbox 751 604 867 651; x_wconf 92' lang='lat' dir='ltr'>anni</span> <span class='ocrx_word' id='word_1_51' title='bbox 902 609 1132 664; x_wconf 85' lang='lat' dir='ltr'>tempore.</span> <span class='ocrx_word' id='word_1_52' title='bbox 1204 603 1286 650; x_wconf 85' lang='lat' dir='ltr'>Fit</span> <span class='ocrx_word' id='word_1_53' title='bbox 1323 603 1451 650; x_wconf 91' lang='lat' dir='ltr'>enim</span> <span class='ocrx_word' id='word_1_54' title='bbox 1490 602 1655 652; x_wconf 91' lang='lat' dir='ltr'>decem</span> <span class='ocrx_word' id='word_1_55' title='bbox 1692 617 1926 652; x_wconf 89' lang='lat' dir='ltr'>annorum</span> <span class='ocrx_word' id='word_1_56' title='bbox 1965 603 2153 667; x_wconf 85' lang='lat' dir='ltr'>spatio,</span> <span class='ocrx_word' id='word_1_57' title='bbox 2199 609 2254 650; x_wconf 89' lang='lat' dir='ltr'>ut</span> <span class='ocrx_word' id='word_1_58' title='bbox 2299 609 2463 651; x_wconf 87' lang='lat' dir='ltr'>aestas</span> <span class='ocrx_word' id='word_1_59' title='bbox 2500 601 2587 651; x_wconf 85' lang='lat' dir='ltr'>illa</span> 
     </span>
     <span class='ocr_line' id='line_1_7' title="bbox 330 673 2583 738; baseline 0 -14"><span class='ocrx_word' id='word_1_60' title='bbox 330 678 503 738; x_wconf 81' lang='lat' dir='ltr'>migret</span> <span class='ocrx_word' id='word_1_61' title='bbox 541 675 604 724; x_wconf 92' lang='lat' dir='ltr'>ab</span> <span class='ocrx_word' id='word_1_62' title='bbox 643 689 741 724; x_wconf 91' lang='lat' dir='ltr'>una</span> <span class='ocrx_word' id='word_1_63' title='bbox 777 681 915 738; x_wconf 87' lang='lat' dir='ltr'>parte</span> <span class='ocrx_word' id='word_1_64' title='bbox 954 676 1069 723; x_wconf 87' lang='lat' dir='ltr'>anni</span> <span class='ocrx_word' id='word_1_65' title='bbox 1107 673 1280 723; x_wconf 87' lang='lat' dir='ltr'>siderei</span> <span class='ocrx_word' id='word_1_66' title='bbox 1318 675 1367 720; x_wconf 91' lang='lat' dir='ltr'>in</span> <span class='ocrx_word' id='word_1_67' title='bbox 1405 679 1594 737; x_wconf 87' lang='lat' dir='ltr'>partem</span> <span class='ocrx_word' id='word_1_68' title='bbox 1630 678 1919 738; x_wconf 87' lang='lat' dir='ltr'>oppositam,</span> <span class='ocrx_word' id='word_1_69' title='bbox 1962 675 2131 724; x_wconf 90' lang='lat' dir='ltr'>eodem</span> <span class='ocrx_word' id='word_1_70' title='bbox 2168 674 2279 724; x_wconf 93' lang='lat' dir='ltr'>loco</span> <span class='ocrx_word' id='word_1_71' title='bbox 2306 676 2583 738; x_wconf 90' lang='lat' dir='ltr'>supposito;</span> 
     </span>
     <span class='ocr_line' id='line_1_8' title="bbox 331 746 2584 811; baseline 0 -15"><span class='ocrx_word' id='word_1_72' title='bbox 331 750 510 811; x_wconf 87' lang='lat' dir='ltr'>quippe</span> <span class='ocrx_word' id='word_1_73' title='bbox 559 748 737 797; x_wconf 91' lang='lat' dir='ltr'>circulo</span> <span class='ocrx_word' id='word_1_74' title='bbox 787 763 1022 796; x_wconf 86' lang='lat' dir='ltr'>annorum</span> <span class='ocrx_word' id='word_1_75' title='bbox 1065 752 1127 796; x_wconf 90' lang='grc'>19</span> <span class='ocrx_word' id='word_1_76' title='bbox 1169 746 1465 796; x_wconf 90' lang='lat' dir='ltr'>sidereorum</span> <span class='ocrx_word' id='word_1_77' title='bbox 1519 762 1605 797; x_wconf 90' lang='lat' dir='ltr'>seu</span> <span class='ocrx_word' id='word_1_78' title='bbox 1657 749 1842 798; x_wconf 88' lang='lat' dir='ltr'>dierum</span> <span class='ocrx_word' id='word_1_79' title='bbox 1882 752 1983 798; x_wconf 81' lang='lat'>235</span> <span class='ocrx_word' id='word_1_80' title='bbox 2024 762 2193 797; x_wconf 90' lang='lat' dir='ltr'>versus</span> <span class='ocrx_word' id='word_1_81' title='bbox 2245 747 2386 811; x_wconf 89' lang='lat' dir='ltr'>polos</span> <span class='ocrx_word' id='word_1_82' title='bbox 2433 749 2584 797; x_wconf 87' lang='lat' dir='ltr'>vicies</span> 
     </span>
     <span class='ocr_line' id='line_1_9' title="bbox 329 816 2583 884; baseline 0 -16"><span class='ocrx_word' id='word_1_83' title='bbox 329 821 382 869; x_wconf 86' lang='lat' dir='ltr'>fit</span> <span class='ocrx_word' id='word_1_84' title='bbox 420 826 581 870; x_wconf 88' lang='lat' dir='ltr'>aestas</span> <span class='ocrx_word' id='word_1_85' title='bbox 620 823 863 883; x_wconf 88' lang='lat' dir='ltr'>totiesque</span> <span class='ocrx_word' id='word_1_86' title='bbox 903 820 1080 881; x_wconf 75' lang='lat' dir='ltr'>hiemS‚</span> <span class='ocrx_word' id='word_1_87' title='bbox 1135 820 1225 868; x_wconf 92' lang='lat' dir='ltr'>sub</span> <span class='ocrx_word' id='word_1_88' title='bbox 1275 827 1537 882; x_wconf 89' lang='lat' dir='ltr'>aequatore</span> <span class='ocrx_word' id='word_1_89' title='bbox 1577 821 1866 884; x_wconf 87' lang='lat' dir='ltr'>quadragies</span> <span class='ocrx_word' id='word_1_90' title='bbox 1887 816 2003 884; x_wconf 85' lang='lat' dir='ltr'>l⁰¹);</span> <span class='ocrx_word' id='word_1_91' title='bbox 2058 827 2266 884; x_wconf 88' lang='lat' dir='ltr'>suntque</span> <span class='ocrx_word' id='word_1_92' title='bbox 2304 819 2435 884; x_wconf 90' lang='lat' dir='ltr'>apud</span> <span class='ocrx_word' id='word_1_93' title='bbox 2473 821 2583 869; x_wconf 88' lang='lat' dir='ltr'>illos</span> 
     </span>
     <span class='ocr_line' id='line_1_10' title="bbox 330 891 2582 957; baseline 0 -16"><span class='ocrx_word' id='word_1_94' title='bbox 330 895 591 956; x_wconf 86' lang='lat' dir='ltr'>quotannis</span> <span class='ocrx_word' id='word_1_95' title='bbox 629 909 714 943; x_wconf 85' lang='lat' dir='ltr'>sex</span> <span class='ocrx_word' id='word_1_96' title='bbox 755 893 856 942; x_wconf 90' lang='lat' dir='ltr'>dies</span> <span class='ocrx_word' id='word_1_97' title='bbox 884 895 1075 955; x_wconf 86' lang='lat' dir='ltr'>aestivi,</span> <span class='ocrx_word' id='word_1_98' title='bbox 1115 893 1288 956; x_wconf 87' lang='lat' dir='ltr'>reliqui</span> <span class='ocrx_word' id='word_1_99' title='bbox 1313 892 1558 953; x_wconf 78' lang='lat' dir='ltr'>hiemaleS‚</span> <span class='ocrx_word' id='word_1_100' title='bbox 1601 899 1653 941; x_wconf 91' lang='lat' dir='ltr'>ut</span> <span class='ocrx_word' id='word_1_101' title='bbox 1680 893 1810 957; x_wconf 88' lang='lat' dir='ltr'>apud</span> <span class='ocrx_word' id='word_1_102' title='bbox 1834 908 1923 942; x_wconf 90' lang='lat' dir='ltr'>nos</span> <span class='ocrx_word' id='word_1_103' title='bbox 1949 909 2141 943; x_wconf 91' lang='lat' dir='ltr'>menses</span> <span class='ocrx_word' id='word_1_104' title='bbox 2165 891 2271 955; x_wconf 82' lang='lat'><strong>¹⁰²).</strong></span> <span class='ocrx_word' id='word_1_105' title='bbox 2335 895 2408 942; x_wconf 91' lang='lat' dir='ltr'>Ea</span> <span class='ocrx_word' id='word_1_106' title='bbox 2433 895 2582 943; x_wconf 91' lang='lat' dir='ltr'>vicis-</span> 
     </span>
     <span class='ocr_line' id='line_1_11' title="bbox 328 963 2583 1028; baseline 0 -14"><span class='ocrx_word' id='word_1_107' title='bbox 328 966 491 1016; x_wconf 89' lang='lat' dir='ltr'>situdo</span> <span class='ocrx_word' id='word_1_108' title='bbox 529 968 613 1015; x_wconf 88' lang='lat' dir='ltr'>vix</span> <span class='ocrx_word' id='word_1_109' title='bbox 652 968 856 1015; x_wconf 85' lang='lat' dir='ltr'>sentitur</span> <span class='ocrx_word' id='word_1_110' title='bbox 897 968 1022 1015; x_wconf 90' lang='lat' dir='ltr'>circa</span> <span class='ocrx_word' id='word_1_111' title='bbox 1060 974 1398 1028; x_wconf 87' lang='lat' dir='ltr'>aequatorem,</span> <span class='ocrx_word' id='word_1_112' title='bbox 1454 968 1569 1028; x_wconf 89' lang='lat' dir='ltr'>quia</span> <span class='ocrx_word' id='word_1_113' title='bbox 1607 966 1692 1015; x_wconf 89' lang='lat' dir='ltr'>Sol</span> <span class='ocrx_word' id='word_1_114' title='bbox 1730 981 1827 1015; x_wconf 90' lang='lat' dir='ltr'>non</span> <span class='ocrx_word' id='word_1_115' title='bbox 1877 967 2004 1015; x_wconf 88' lang='lat' dir='ltr'>ultra</span> <span class='ocrx_word' id='word_1_116' title='bbox 2045 963 2101 1016; x_wconf 84' lang='lat'>5⁰</span> <span class='ocrx_word' id='word_1_117' title='bbox 2139 970 2198 1015; x_wconf 92' lang='lat' dir='ltr'>iis</span> <span class='ocrx_word' id='word_1_118' title='bbox 2237 968 2357 1015; x_wconf 90' lang='lat' dir='ltr'>locis</span> <span class='ocrx_word' id='word_1_119' title='bbox 2395 981 2583 1014; x_wconf 90' lang='lat' dir='ltr'>rursum</span> 
     </span>
     <span class='ocr_line' id='line_1_12' title="bbox 325 1039 2581 1102; baseline 0 -16"><span class='ocrx_word' id='word_1_120' title='bbox 325 1055 644 1102; x_wconf 89' lang='lat' dir='ltr'>prorsumque</span> <span class='ocrx_word' id='word_1_121' title='bbox 683 1039 745 1087; x_wconf 90' lang='lat' dir='ltr'>ad</span> <span class='ocrx_word' id='word_1_122' title='bbox 783 1039 939 1088; x_wconf 89' lang='lat' dir='ltr'>latera</span> <span class='ocrx_word' id='word_1_123' title='bbox 978 1046 1201 1102; x_wconf 82' lang='lat' dir='ltr'>vagatur.</span> <span class='ocrx_word' id='word_1_124' title='bbox 1274 1039 1436 1102; x_wconf 88' lang='lat' dir='ltr'>Magis</span> <span class='ocrx_word' id='word_1_125' title='bbox 1476 1040 1679 1087; x_wconf 89' lang='lat' dir='ltr'>sentitur</span> <span class='ocrx_word' id='word_1_126' title='bbox 1712 1040 1854 1102; x_wconf 88' lang='lat' dir='ltr'>juxta</span> <span class='ocrx_word' id='word_1_127' title='bbox 1893 1039 2056 1102; x_wconf 82' lang='lat' dir='ltr'>poIOS,</span> <span class='ocrx_word' id='word_1_128' title='bbox 2106 1055 2231 1101; x_wconf 90' lang='lat' dir='ltr'>quae</span> <span class='ocrx_word' id='word_1_129' title='bbox 2270 1039 2379 1088; x_wconf 89' lang='lat' dir='ltr'>loca</span> <span class='ocrx_word' id='word_1_130' title='bbox 2417 1039 2581 1088; x_wconf 88' lang='lat' dir='ltr'>Solem</span> 
     </span>
     <span class='ocr_line' id='line_1_13' title="bbox 327 1112 2581 1175; baseline -0.001 -14"><span class='ocrx_word' id='word_1_131' title='bbox 327 1112 526 1162; x_wconf 86' lang='lat' dir='ltr'>alternis</span> <span class='ocrx_word' id='word_1_132' title='bbox 564 1112 876 1161; x_wconf 88' lang='lat' dir='ltr'>semestribus</span> <span class='ocrx_word' id='word_1_133' title='bbox 915 1112 1097 1161; x_wconf 91' lang='lat' dir='ltr'>habent</span> <span class='ocrx_word' id='word_1_134' title='bbox 1135 1118 1220 1160; x_wconf 88' lang='lat' dir='ltr'>aut</span> <span class='ocrx_word' id='word_1_135' title='bbox 1258 1127 1354 1160; x_wconf 92' lang='lat' dir='ltr'>non</span> <span class='ocrx_word' id='word_1_136' title='bbox 1394 1112 1600 1173; x_wconf 88' lang='lat' dir='ltr'>habent,</span> <span class='ocrx_word' id='word_1_137' title='bbox 1651 1114 1722 1160; x_wconf 91' lang='lat' dir='ltr'>uti</span> <span class='ocrx_word' id='word_1_138' title='bbox 1775 1126 1923 1175; x_wconf 89' lang='lat' dir='ltr'>penes</span> <span class='ocrx_word' id='word_1_139' title='bbox 1970 1127 2059 1160; x_wconf 91' lang='lat' dir='ltr'>nos</span> <span class='ocrx_word' id='word_1_140' title='bbox 2099 1114 2146 1159; x_wconf 92' lang='lat' dir='ltr'>in</span> <span class='ocrx_word' id='word_1_141' title='bbox 2185 1113 2345 1162; x_wconf 86' lang='lat' dir='ltr'>Terris</span> <span class='ocrx_word' id='word_1_142' title='bbox 2384 1114 2444 1173; x_wconf 91' lang='lat' dir='ltr'>ii,</span> <span class='ocrx_word' id='word_1_143' title='bbox 2498 1114 2581 1175; x_wconf 90' lang='lat' dir='ltr'>qui</span> 
     </span>
     <span class='ocr_line' id='line_1_14' title="bbox 326 1184 2579 1248; baseline 0 -14"><span class='ocrx_word' id='word_1_144' title='bbox 326 1186 417 1234; x_wconf 88' lang='lat' dir='ltr'>sub</span> <span class='ocrx_word' id='word_1_145' title='bbox 467 1185 697 1235; x_wconf 90' lang='lat' dir='ltr'>alterutro</span> <span class='ocrx_word' id='word_1_146' title='bbox 752 1185 975 1248; x_wconf 93' lang='lat' dir='ltr'>polorum</span> <span class='ocrx_word' id='word_1_147' title='bbox 1019 1185 1258 1233; x_wconf 85' lang='lat' dir='ltr'>habitant.</span> <span class='ocrx_word' id='word_1_148' title='bbox 1334 1186 1507 1248; x_wconf 90' lang='lat' dir='ltr'>Itaque</span> <span class='ocrx_word' id='word_1_149' title='bbox 1557 1186 1702 1235; x_wconf 88' lang='lat' dir='ltr'>etiam</span> <span class='ocrx_word' id='word_1_150' title='bbox 1747 1184 1995 1234; x_wconf 89' lang='lat' dir='ltr'>Levaniae</span> <span class='ocrx_word' id='word_1_151' title='bbox 2042 1184 2218 1248; x_wconf 88' lang='lat' dir='ltr'>globus</span> <span class='ocrx_word' id='word_1_152' title='bbox 2269 1186 2316 1232; x_wconf 91' lang='lat' dir='ltr'>in</span> <span class='ocrx_word' id='word_1_153' title='bbox 2364 1186 2579 1248; x_wconf 90' lang='lat' dir='ltr'>quinque</span> 
     </span>
     <span class='ocr_line' id='line_1_15' title="bbox 322 1257 2580 1320; baseline 0 -14"><span class='ocrx_word' id='word_1_154' title='bbox 322 1273 473 1307; x_wconf 88' lang='lat' dir='ltr'>zonas</span> <span class='ocrx_word' id='word_1_155' title='bbox 513 1259 630 1320; x_wconf 89' lang='lat' dir='ltr'>abit,</span> <span class='ocrx_word' id='word_1_156' title='bbox 670 1259 973 1307; x_wconf 87' lang='lat' dir='ltr'>terrestribus</span> <span class='ocrx_word' id='word_1_157' title='bbox 998 1260 1174 1306; x_wconf 89' lang='lat' dir='ltr'>nostris</span> <span class='ocrx_word' id='word_1_158' title='bbox 1202 1257 1560 1320; x_wconf 89' lang='lat' dir='ltr'>quodammodo</span> <span class='ocrx_word' id='word_1_159' title='bbox 1587 1257 1961 1320; x_wconf 81' lang='lat' dir='ltr'>respondentes3</span> <span class='ocrx_word' id='word_1_160' title='bbox 2001 1258 2087 1306; x_wconf 89' lang='lat' dir='ltr'>sed</span> <span class='ocrx_word' id='word_1_161' title='bbox 2114 1257 2295 1307; x_wconf 89' lang='lat' dir='ltr'>torrida</span> <span class='ocrx_word' id='word_1_162' title='bbox 2321 1261 2404 1306; x_wconf 87' lang='lat' dir='ltr'>vix</span> <span class='ocrx_word' id='word_1_163' title='bbox 2431 1258 2580 1307; x_wconf 88' lang='lat' dir='ltr'>habet</span> 
     </span>
     <span class='ocr_line' id='line_1_16' title="bbox 328 1330 2572 1394; baseline -0 -14"><span class='ocrx_word' id='word_1_164' title='bbox 328 1337 393 1380; x_wconf 90' lang='grc'>10</span> <span class='ocrx_word' id='word_1_165' title='bbox 420 1331 613 1394; x_wconf 88' lang='lat' dir='ltr'>gradus,</span> <span class='ocrx_word' id='word_1_166' title='bbox 654 1337 707 1379; x_wconf 91' lang='lat' dir='ltr'>ut</span> <span class='ocrx_word' id='word_1_167' title='bbox 745 1337 793 1380; x_wconf 92' lang='lat' dir='ltr'>et</span> <span class='ocrx_word' id='word_1_168' title='bbox 829 1330 1057 1394; x_wconf 81' lang='lat' dir='ltr'>frigidae3</span> <span class='ocrx_word' id='word_1_169' title='bbox 1099 1337 1254 1379; x_wconf 90' lang='lat' dir='ltr'>totum</span> <span class='ocrx_word' id='word_1_170' title='bbox 1291 1331 1531 1393; x_wconf 89' lang='lat' dir='ltr'>reliquum</span> <span class='ocrx_word' id='word_1_171' title='bbox 1570 1330 1698 1380; x_wconf 83' lang='lat' dir='ltr'>cedit</span> <span class='ocrx_word' id='word_1_172' title='bbox 1735 1337 2111 1394; x_wconf 88' lang='lat' dir='ltr'>temperatarum</span> <span class='ocrx_word' id='word_1_173' title='bbox 2150 1337 2422 1379; x_wconf 88' lang='lat' dir='ltr'>nostrarum</span> <span class='ocrx_word' id='word_1_174' title='bbox 2454 1346 2572 1379; x_wconf 91' lang='lat' dir='ltr'>ana-</span> 
     </span>
     <span class='ocr_line' id='line_1_17' title="bbox 322 1401 2578 1468; baseline 0 -16"><span class='ocrx_word' id='word_1_175' title='bbox 322 1404 450 1467; x_wconf 89' lang='lat' dir='ltr'>logis</span> <span class='ocrx_word' id='word_1_176' title='bbox 470 1401 575 1468; x_wconf 76' lang='lat'><strong>¹⁰³).</strong></span> <span class='ocrx_word' id='word_1_177' title='bbox 650 1406 713 1453; x_wconf 87' lang='lat' dir='ltr'>Et</span> <span class='ocrx_word' id='word_1_178' title='bbox 751 1406 923 1453; x_wconf 86' lang='lat' dir='ltr'>transit</span> <span class='ocrx_word' id='word_1_179' title='bbox 961 1403 1141 1452; x_wconf 86' lang='lat' dir='ltr'>torrida</span> <span class='ocrx_word' id='word_1_180' title='bbox 1178 1419 1264 1467; x_wconf 89' lang='lat' dir='ltr'>per</span> <span class='ocrx_word' id='word_1_181' title='bbox 1300 1404 1571 1452; x_wconf 88' lang='lat' dir='ltr'>meditullia</span> <span class='ocrx_word' id='word_1_182' title='bbox 1608 1403 2097 1467; x_wconf 88' lang='lat' dir='ltr'>hemisphaeriorum,</span> <span class='ocrx_word' id='word_1_183' title='bbox 2139 1405 2354 1454; x_wconf 86' lang='lat' dir='ltr'>semissis</span> <span class='ocrx_word' id='word_1_184' title='bbox 2394 1404 2578 1454; x_wconf 88' lang='lat' dir='ltr'>scilicet</span> 
     </span>
     <span class='ocr_line' id='line_1_18' title="bbox 323 1476 2084 1542; baseline 0 -17"><span class='ocrx_word' id='word_1_185' title='bbox 323 1477 642 1542; x_wconf 86' lang='lat' dir='ltr'>longitudinis</span> <span class='ocrx_word' id='word_1_186' title='bbox 678 1492 764 1540; x_wconf 90' lang='lat' dir='ltr'>per</span> <span class='ocrx_word' id='word_1_187' title='bbox 802 1476 1151 1538; x_wconf 77' lang='lat' dir='ltr'>subvolvanOS,</span> <span class='ocrx_word' id='word_1_188' title='bbox 1191 1477 1406 1539; x_wconf 89' lang='lat' dir='ltr'>reliquus</span> <span class='ocrx_word' id='word_1_189' title='bbox 1446 1478 1660 1525; x_wconf 86' lang='lat' dir='ltr'>semissis</span> <span class='ocrx_word' id='word_1_190' title='bbox 1698 1492 1784 1540; x_wconf 92' lang='lat' dir='ltr'>per</span> <span class='ocrx_word' id='word_1_191' title='bbox 1820 1477 2084 1540; x_wconf 80' lang='lat' dir='ltr'>privolvaS.</span> 
     </span>
    </p>

    <p class='ocr_par' dir='ltr' id='par_1_4' title="bbox 316 1549 2578 1983">
     <span class='ocr_line' id='line_1_19' title="bbox 494 1549 2578 1613; baseline 0 -15"><span class='ocrx_word' id='word_1_192' title='bbox 494 1550 567 1598; x_wconf 88' lang='lat' dir='ltr'>Ex</span> <span class='ocrx_word' id='word_1_193' title='bbox 604 1551 901 1599; x_wconf 90' lang='lat' dir='ltr'>sectionibus</span> <span class='ocrx_word' id='word_1_194' title='bbox 941 1550 1226 1598; x_wconf 90' lang='lat' dir='ltr'>circulorum</span> <span class='ocrx_word' id='word_1_195' title='bbox 1264 1550 1541 1613; x_wconf 90' lang='lat' dir='ltr'>aequatoris</span> <span class='ocrx_word' id='word_1_196' title='bbox 1590 1556 1638 1599; x_wconf 92' lang='lat' dir='ltr'>et</span> <span class='ocrx_word' id='word_1_197' title='bbox 1675 1549 1861 1599; x_wconf 89' lang='lat' dir='ltr'>zodiaci</span> <span class='ocrx_word' id='word_1_198' title='bbox 1908 1552 2122 1599; x_wconf 90' lang='lat' dir='ltr'>existunt</span> <span class='ocrx_word' id='word_1_199' title='bbox 2174 1551 2320 1598; x_wconf 91' lang='lat' dir='ltr'>etiam</span> <span class='ocrx_word' id='word_1_200' title='bbox 2370 1555 2578 1612; x_wconf 90' lang='lat' dir='ltr'>quatuor</span> 
     </span>
     <span class='ocr_line' id='line_1_20' title="bbox 321 1614 2576 1687; baseline 0 -16"><span class='ocrx_word' id='word_1_201' title='bbox 321 1614 510 1687; x_wconf 61' lang='lat' dir='ltr'>puncta‘</span> <span class='ocrx_word' id='word_1_202' title='bbox 541 1623 822 1683; x_wconf 89' lang='lat' dir='ltr'>cardinalia,</span> <span class='ocrx_word' id='word_1_203' title='bbox 863 1628 916 1671; x_wconf 92' lang='lat' dir='ltr'>ut</span> <span class='ocrx_word' id='word_1_204' title='bbox 954 1629 1065 1671; x_wconf 91' lang='lat' dir='ltr'>sunt</span> <span class='ocrx_word' id='word_1_205' title='bbox 1103 1621 1236 1686; x_wconf 87' lang='lat' dir='ltr'>apud</span> <span class='ocrx_word' id='word_1_206' title='bbox 1272 1637 1361 1671; x_wconf 91' lang='lat' dir='ltr'>nos</span> <span class='ocrx_word' id='word_1_207' title='bbox 1401 1625 1710 1685; x_wconf 89' lang='lat' dir='ltr'>aequinoctia</span> <span class='ocrx_word' id='word_1_208' title='bbox 1749 1629 1797 1672; x_wconf 91' lang='lat' dir='ltr'>et</span> <span class='ocrx_word' id='word_1_209' title='bbox 1834 1623 2067 1684; x_wconf 88' lang='lat' dir='ltr'>solstitia,</span> <span class='ocrx_word' id='word_1_210' title='bbox 2108 1628 2155 1672; x_wconf 89' lang='lat' dir='ltr'>et</span> <span class='ocrx_word' id='word_1_211' title='bbox 2194 1623 2256 1671; x_wconf 92' lang='lat' dir='ltr'>ab</span> <span class='ocrx_word' id='word_1_212' title='bbox 2296 1624 2356 1670; x_wconf 89' lang='lat' dir='ltr'>iis</span> <span class='ocrx_word' id='word_1_213' title='bbox 2395 1625 2576 1672; x_wconf 90' lang='lat' dir='ltr'>sectio-</span> 
     </span>
     <span class='ocr_line' id='line_1_21' title="bbox 319 1692 2575 1765; baseline 0 -22"><span class='ocrx_word' id='word_1_214' title='bbox 319 1697 464 1744; x_wconf 91' lang='lat' dir='ltr'>nibus</span> <span class='ocrx_word' id='word_1_215' title='bbox 514 1697 705 1744; x_wconf 90' lang='lat' dir='ltr'>initium</span> <span class='ocrx_word' id='word_1_216' title='bbox 757 1703 830 1745; x_wconf 88' lang='lat' dir='ltr'>est</span> <span class='ocrx_word' id='word_1_217' title='bbox 882 1695 1070 1744; x_wconf 88' lang='lat' dir='ltr'>zodiaci</span> <span class='ocrx_word' id='word_1_218' title='bbox 1118 1695 1282 1745; x_wconf 88' lang='lat' dir='ltr'>circuli</span> <span class='ocrx_word' id='word_1_219' title='bbox 1302 1692 1403 1759; x_wconf 81' lang='lat'><strong>¹⁰⁴).</strong></span> <span class='ocrx_word' id='word_1_220' title='bbox 1479 1695 1579 1745; x_wconf 88' lang='lat' dir='ltr'>Sed</span> <span class='ocrx_word' id='word_1_221' title='bbox 1616 1694 1761 1765; x_wconf 64' lang='lat' dir='ltr'>valde</span> <span class='ocrx_word' id='word_1_222' title='bbox 1812 1696 1955 1745; x_wconf 89' lang='lat' dir='ltr'>velox</span> <span class='ocrx_word' id='word_1_223' title='bbox 1994 1702 2069 1744; x_wconf 91' lang='lat' dir='ltr'>est</span> <span class='ocrx_word' id='word_1_224' title='bbox 2118 1702 2278 1744; x_wconf 90' lang='lat' dir='ltr'>motus</span> <span class='ocrx_word' id='word_1_225' title='bbox 2326 1696 2575 1745; x_wconf 89' lang='lat' dir='ltr'>stellarum</span> 
     </span>
     <span class='ocr_line' id='line_1_22' title="bbox 318 1769 2576 1832; baseline 0 -15"><span class='ocrx_word' id='word_1_226' title='bbox 318 1769 522 1818; x_wconf 89' lang='lat' dir='ltr'>fixarum</span> <span class='ocrx_word' id='word_1_227' title='bbox 574 1769 637 1817; x_wconf 91' lang='lat' dir='ltr'>ab</span> <span class='ocrx_word' id='word_1_228' title='bbox 676 1770 769 1818; x_wconf 89' lang='lat' dir='ltr'>hoc</span> <span class='ocrx_word' id='word_1_229' title='bbox 806 1770 944 1817; x_wconf 91' lang='lat' dir='ltr'>initio</span> <span class='ocrx_word' id='word_1_230' title='bbox 984 1771 1031 1816; x_wconf 92' lang='lat' dir='ltr'>in</span> <span class='ocrx_word' id='word_1_231' title='bbox 1072 1771 1441 1832; x_wconf 88' lang='lat' dir='ltr'>consequentia,</span> <span class='ocrx_word' id='word_1_232' title='bbox 1497 1770 1677 1831; x_wconf 88' lang='lat' dir='ltr'>quippe</span> <span class='ocrx_word' id='word_1_233' title='bbox 1724 1770 1864 1817; x_wconf 90' lang='lat' dir='ltr'>annis</span> <span class='ocrx_word' id='word_1_234' title='bbox 1917 1770 2086 1831; x_wconf 91' lang='lat' dir='ltr'>viginti</span> <span class='ocrx_word' id='word_1_235' title='bbox 2133 1770 2358 1831; x_wconf 88' lang='lat' dir='ltr'>tropicis,</span> <span class='ocrx_word' id='word_1_236' title='bbox 2412 1769 2463 1817; x_wconf 89' lang='lat' dir='ltr'>id</span> <span class='ocrx_word' id='word_1_237' title='bbox 2502 1775 2576 1818; x_wconf 89' lang='lat' dir='ltr'>est</span> 
     </span>
     <span class='ocr_line' id='line_1_23' title="bbox 318 1841 2576 1907; baseline 0.001 -17"><span class='ocrx_word' id='word_1_238' title='bbox 318 1856 416 1891; x_wconf 90' lang='lat' dir='ltr'>una</span> <span class='ocrx_word' id='word_1_239' title='bbox 454 1847 642 1891; x_wconf 90' lang='lat' dir='ltr'>aestate</span> <span class='ocrx_word' id='word_1_240' title='bbox 683 1848 731 1891; x_wconf 93' lang='lat' dir='ltr'>et</span> <span class='ocrx_word' id='word_1_241' title='bbox 768 1857 866 1890; x_wconf 90' lang='lat' dir='ltr'>una</span> <span class='ocrx_word' id='word_1_242' title='bbox 904 1841 1063 1890; x_wconf 90' lang='lat' dir='ltr'>hieme</span> <span class='ocrx_word' id='word_1_243' title='bbox 1102 1842 1333 1902; x_wconf 79' lang='lat' dir='ltr'>definitiS,</span> <span class='ocrx_word' id='word_1_244' title='bbox 1386 1847 1541 1890; x_wconf 91' lang='lat' dir='ltr'>totum</span> <span class='ocrx_word' id='word_1_245' title='bbox 1579 1841 1833 1891; x_wconf 88' lang='lat' dir='ltr'>zodiacum</span> <span class='ocrx_word' id='word_1_246' title='bbox 1870 1847 2142 1904; x_wconf 89' lang='lat' dir='ltr'>transeunt,</span> <span class='ocrx_word' id='word_1_247' title='bbox 2185 1842 2316 1905; x_wconf 90' lang='lat' dir='ltr'>quod</span> <span class='ocrx_word' id='word_1_248' title='bbox 2353 1841 2407 1891; x_wconf 87' lang='lat' dir='ltr'>fit</span> <span class='ocrx_word' id='word_1_249' title='bbox 2444 1842 2576 1907; x_wconf 86' lang='lat' dir='ltr'>apud</span> 
     </span>
     <span class='ocr_line' id='line_1_24' title="bbox 316 1910 1932 1983; baseline 0 -20"><span class='ocrx_word' id='word_1_250' title='bbox 316 1929 406 1964; x_wconf 89' lang='lat' dir='ltr'>nos</span> <span class='ocrx_word' id='word_1_251' title='bbox 443 1916 527 1964; x_wconf 85' lang='lat' dir='ltr'>vix</span> <span class='ocrx_word' id='word_1_252' title='bbox 566 1916 705 1963; x_wconf 89' lang='lat' dir='ltr'>annis</span> <span class='ocrx_word' id='word_1_253' title='bbox 747 1920 922 1964; x_wconf 82' lang='lat'>26000</span> <span class='ocrx_word' id='word_1_254' title='bbox 947 1910 1053 1983; x_wconf 85' lang='lat'><strong>¹⁰⁵).</strong></span> <span class='ocrx_word' id='word_1_255' title='bbox 1130 1915 1292 1979; x_wconf 89' lang='lat' dir='ltr'>Atque</span> <span class='ocrx_word' id='word_1_256' title='bbox 1330 1914 1452 1964; x_wconf 89' lang='lat' dir='ltr'>haec</span> <span class='ocrx_word' id='word_1_257' title='bbox 1491 1914 1550 1963; x_wconf 91' lang='lat' dir='ltr'>de</span> <span class='ocrx_word' id='word_1_258' title='bbox 1587 1921 1724 1964; x_wconf 85' lang='lat' dir='ltr'>motu</span> <span class='ocrx_word' id='word_1_259' title='bbox 1763 1916 1932 1978; x_wconf 80' lang='lat' dir='ltr'>primo,</span> 
     </span>
    </p>

    <p class='ocr_par' dir='ltr' id='par_1_5' title="bbox 307 1987 2573 3074">
     <span class='ocr_line' id='line_1_25' title="bbox 489 1987 2573 2050; baseline -0 -12"><span class='ocrx_word' id='word_1_260' title='bbox 489 1987 823 2038; x_wconf 88' lang='lat' dir='ltr'>Secundorum</span> <span class='ocrx_word' id='word_1_261' title='bbox 860 1993 1080 2036; x_wconf 88' lang='lat' dir='ltr'>motuum</span> <span class='ocrx_word' id='word_1_262' title='bbox 1117 1989 1241 2037; x_wconf 90' lang='lat' dir='ltr'>ratio</span> <span class='ocrx_word' id='word_1_263' title='bbox 1280 2001 1377 2036; x_wconf 91' lang='lat' dir='ltr'>non</span> <span class='ocrx_word' id='word_1_264' title='bbox 1414 1989 1573 2036; x_wconf 88' lang='lat' dir='ltr'>minus</span> <span class='ocrx_word' id='word_1_265' title='bbox 1612 1994 1686 2036; x_wconf 89' lang='lat' dir='ltr'>est</span> <span class='ocrx_word' id='word_1_266' title='bbox 1723 1988 1818 2036; x_wconf 90' lang='lat' dir='ltr'>illis</span> <span class='ocrx_word' id='word_1_267' title='bbox 1846 1987 2039 2036; x_wconf 89' lang='lat' dir='ltr'>diversa</span> <span class='ocrx_word' id='word_1_268' title='bbox 2065 1988 2126 2036; x_wconf 89' lang='lat' dir='ltr'>ab</span> <span class='ocrx_word' id='word_1_269' title='bbox 2167 1989 2240 2048; x_wconf 88' lang='lat' dir='ltr'>iis,</span> <span class='ocrx_word' id='word_1_270' title='bbox 2282 2002 2406 2050; x_wconf 89' lang='lat' dir='ltr'>quae</span> <span class='ocrx_word' id='word_1_271' title='bbox 2433 1988 2573 2037; x_wconf 87' lang='lat' dir='ltr'>nobis</span> 
     </span>
     <span class='ocr_line' id='line_1_26' title="bbox 315 2059 2572 2124; baseline 0 -14"><span class='ocrx_word' id='word_1_272' title='bbox 315 2066 567 2124; x_wconf 84' lang='lat' dir='ltr'>apparent,</span> <span class='ocrx_word' id='word_1_273' title='bbox 607 2061 858 2124; x_wconf 90' lang='lat' dir='ltr'>multoque</span> <span class='ocrx_word' id='word_1_274' title='bbox 896 2062 1052 2124; x_wconf 89' lang='lat' dir='ltr'>magis</span> <span class='ocrx_word' id='word_1_275' title='bbox 1092 2076 1237 2123; x_wconf 90' lang='lat' dir='ltr'>quam</span> <span class='ocrx_word' id='word_1_276' title='bbox 1274 2074 1425 2124; x_wconf 89' lang='lat' dir='ltr'>penes</span> <span class='ocrx_word' id='word_1_277' title='bbox 1463 2075 1552 2110; x_wconf 91' lang='lat' dir='ltr'>nos</span> <span class='ocrx_word' id='word_1_278' title='bbox 1592 2063 1829 2110; x_wconf 89' lang='lat' dir='ltr'>intricata.</span> <span class='ocrx_word' id='word_1_279' title='bbox 1895 2059 2085 2124; x_wconf 86' lang='lat' dir='ltr'>Quippe</span> <span class='ocrx_word' id='word_1_280' title='bbox 2113 2061 2335 2109; x_wconf 90' lang='lat' dir='ltr'>omnibus</span> <span class='ocrx_word' id='word_1_281' title='bbox 2362 2061 2572 2124; x_wconf 86' lang='lat' dir='ltr'>planetis</span> 
     </span>
     <span class='ocr_line' id='line_1_27' title="bbox 316 2133 2571 2199; baseline 0 -17"><span class='ocrx_word' id='word_1_282' title='bbox 316 2149 417 2195; x_wconf 87' lang='lat' dir='ltr'>sex,</span> <span class='ocrx_word' id='word_1_283' title='bbox 459 2133 696 2196; x_wconf 88' lang='lat' dir='ltr'>Saturno,</span> <span class='ocrx_word' id='word_1_284' title='bbox 735 2133 879 2193; x_wconf 86' lang='lat' dir='ltr'>Jovi,</span> <span class='ocrx_word' id='word_1_285' title='bbox 919 2133 1082 2193; x_wconf 87' lang='lat' dir='ltr'>Marti,</span> <span class='ocrx_word' id='word_1_286' title='bbox 1123 2133 1249 2196; x_wconf 90' lang='lat' dir='ltr'>Soli,</span> <span class='ocrx_word' id='word_1_287' title='bbox 1291 2134 1499 2199; x_wconf 87' lang='lat' dir='ltr'>Veneri,</span> <span class='ocrx_word' id='word_1_288' title='bbox 1538 2133 1805 2195; x_wconf 91' lang='lat' dir='ltr'>Mercurio,</span> <span class='ocrx_word' id='word_1_289' title='bbox 1845 2140 2036 2196; x_wconf 88' lang='lat' dir='ltr'>praeter</span> <span class='ocrx_word' id='word_1_290' title='bbox 2071 2140 2145 2183; x_wconf 92' lang='lat' dir='ltr'>tot</span> <span class='ocrx_word' id='word_1_291' title='bbox 2181 2134 2571 2198; x_wconf 88' lang='lat' dir='ltr'>inaequalitates,</span> 
     </span>
     <span class='ocr_line' id='line_1_28' title="bbox 325 2206 2572 2271; baseline 0 -16"><span class='ocrx_word' id='word_1_292' title='bbox 325 2221 449 2269; x_wconf 88' lang='lat' dir='ltr'>quae</span> <span class='ocrx_word' id='word_1_293' title='bbox 486 2212 598 2255; x_wconf 92' lang='lat' dir='ltr'>sunt</span> <span class='ocrx_word' id='word_1_294' title='bbox 636 2208 777 2256; x_wconf 92' lang='lat' dir='ltr'>nobis</span> <span class='ocrx_word' id='word_1_295' title='bbox 806 2222 914 2256; x_wconf 91' lang='lat' dir='ltr'>cum</span> <span class='ocrx_word' id='word_1_296' title='bbox 940 2208 1037 2255; x_wconf 87' lang='lat' dir='ltr'>illis</span> <span class='ocrx_word' id='word_1_297' title='bbox 1062 2221 1356 2268; x_wconf 76' lang='lat' dir='ltr'>commune5‚</span> <span class='ocrx_word' id='word_1_298' title='bbox 1396 2213 1491 2256; x_wconf 88' lang='lat' dir='ltr'>tres</span> <span class='ocrx_word' id='word_1_299' title='bbox 1530 2207 1655 2256; x_wconf 91' lang='lat' dir='ltr'>aliae</span> <span class='ocrx_word' id='word_1_300' title='bbox 1681 2206 1908 2256; x_wconf 89' lang='lat' dir='ltr'>accidunt</span> <span class='ocrx_word' id='word_1_301' title='bbox 1933 2206 2064 2271; x_wconf 89' lang='lat' dir='ltr'>apud</span> <span class='ocrx_word' id='word_1_302' title='bbox 2091 2207 2217 2268; x_wconf 89' lang='lat' dir='ltr'>illos,</span> <span class='ocrx_word' id='word_1_303' title='bbox 2258 2207 2382 2257; x_wconf 89' lang='lat' dir='ltr'>duae</span> <span class='ocrx_word' id='word_1_304' title='bbox 2407 2207 2572 2271; x_wconf 87' lang='lat' dir='ltr'>longi-</span> 
     </span>
     <span class='ocr_line' id='line_1_29' title="bbox 314 2279 2573 2349; baseline 0.001 -21"><span class='ocrx_word' id='word_1_305' title='bbox 314 2280 522 2341; x_wconf 77' lang='lat' dir='ltr'>tudiniS,</span> <span class='ocrx_word' id='word_1_306' title='bbox 562 2295 660 2328; x_wconf 91' lang='lat' dir='ltr'>una</span> <span class='ocrx_word' id='word_1_307' title='bbox 699 2280 892 2341; x_wconf 89' lang='lat' dir='ltr'>diurna,</span> <span class='ocrx_word' id='word_1_308' title='bbox 933 2280 1088 2329; x_wconf 90' lang='lat' dir='ltr'>altera</span> <span class='ocrx_word' id='word_1_309' title='bbox 1125 2296 1211 2344; x_wconf 86' lang='lat' dir='ltr'>per</span> <span class='ocrx_word' id='word_1_310' title='bbox 1251 2281 1500 2329; x_wconf 91' lang='lat' dir='ltr'>circuitum</span> <span class='ocrx_word' id='word_1_311' title='bbox 1540 2295 1773 2329; x_wconf 86' lang='lat' dir='ltr'>annorum</span> <span class='ocrx_word' id='word_1_312' title='bbox 1816 2279 1899 2349; x_wconf 45' lang='lat'>83,</span> <span class='ocrx_word' id='word_1_313' title='bbox 1955 2282 2097 2329; x_wconf 89' lang='lat' dir='ltr'>tertia</span> <span class='ocrx_word' id='word_1_314' title='bbox 2145 2279 2437 2342; x_wconf 76' lang='lat' dir='ltr'>latitudini8‚</span> <span class='ocrx_word' id='word_1_315' title='bbox 2486 2295 2573 2344; x_wconf 88' lang='lat' dir='ltr'>per</span> 
     </span>
     <span class='ocr_line' id='line_1_30' title="bbox 315 2352 2568 2416; baseline 0.001 -15"><span class='ocrx_word' id='word_1_316' title='bbox 315 2355 567 2402; x_wconf 90' lang='lat' dir='ltr'>circuitum</span> <span class='ocrx_word' id='word_1_317' title='bbox 605 2368 839 2402; x_wconf 91' lang='lat' dir='ltr'>annorum</span> <span class='ocrx_word' id='word_1_318' title='bbox 883 2356 963 2402; x_wconf 90' lang='lat'>19.</span> <span class='ocrx_word' id='word_1_319' title='bbox 1026 2353 1152 2402; x_wconf 89' lang='lat' dir='ltr'>Nam</span> <span class='ocrx_word' id='word_1_320' title='bbox 1189 2353 1334 2403; x_wconf 90' lang='lat' dir='ltr'>medii</span> <span class='ocrx_word' id='word_1_321' title='bbox 1372 2352 1703 2416; x_wconf 88' lang='lat' dir='ltr'>privolvarum</span> <span class='ocrx_word' id='word_1_322' title='bbox 1741 2353 1907 2403; x_wconf 89' lang='lat' dir='ltr'>Solem</span> <span class='ocrx_word' id='word_1_323' title='bbox 1945 2355 1994 2401; x_wconf 91' lang='lat' dir='ltr'>in</span> <span class='ocrx_word' id='word_1_324' title='bbox 2031 2353 2230 2402; x_wconf 86' lang='lat' dir='ltr'>meridie</span> <span class='ocrx_word' id='word_1_325' title='bbox 2269 2367 2359 2403; x_wconf 90' lang='lat' dir='ltr'>suo</span> <span class='ocrx_word' id='word_1_326' title='bbox 2398 2355 2568 2403; x_wconf 87' lang='lat' dir='ltr'>ceteris</span> 
     </span>
     <span class='ocr_line' id='line_1_31' title="bbox 313 2422 2569 2494; baseline 0.001 -20"><span class='ocrx_word' id='word_1_327' title='bbox 313 2427 514 2489; x_wconf 88' lang='lat' dir='ltr'>paribus</span> <span class='ocrx_word' id='word_1_328' title='bbox 552 2426 734 2476; x_wconf 89' lang='lat' dir='ltr'>habent</span> <span class='ocrx_word' id='word_1_329' title='bbox 772 2427 1021 2490; x_wconf 88' lang='lat' dir='ltr'>majorem,</span> <span class='ocrx_word' id='word_1_330' title='bbox 1063 2426 1335 2475; x_wconf 89' lang='lat' dir='ltr'>subvolvae</span> <span class='ocrx_word' id='word_1_331' title='bbox 1384 2428 1618 2475; x_wconf 89' lang='lat' dir='ltr'>minorem</span> <span class='ocrx_word' id='word_1_332' title='bbox 1656 2442 1802 2489; x_wconf 88' lang='lat' dir='ltr'>quam</span> <span class='ocrx_word' id='word_1_333' title='bbox 1839 2428 1882 2475; x_wconf 89' lang='lat' dir='ltr'>si</span> <span class='ocrx_word' id='word_1_334' title='bbox 1918 2427 1960 2474; x_wconf 88' lang='lat' dir='ltr'>is</span> <span class='ocrx_word' id='word_1_335' title='bbox 2000 2427 2181 2475; x_wconf 89' lang='lat' dir='ltr'>oriatur</span> <span class='ocrx_word' id='word_1_336' title='bbox 2201 2422 2321 2494; x_wconf 79' lang='lat'>¹⁰⁶):</span> <span class='ocrx_word' id='word_1_337' title='bbox 2376 2428 2569 2490; x_wconf 86' lang='lat' dir='ltr'>utrique</span> 
     </span>
     <span class='ocr_line' id='line_1_32' title="bbox 308 2498 2570 2562; baseline 0.001 -16"><span class='ocrx_word' id='word_1_338' title='bbox 308 2498 516 2561; x_wconf 79' lang='lat' dir='ltr'>junctim</span> <span class='ocrx_word' id='word_1_339' title='bbox 555 2501 845 2562; x_wconf 89' lang='lat' dir='ltr'>existimant,</span> <span class='ocrx_word' id='word_1_340' title='bbox 884 2499 1050 2549; x_wconf 91' lang='lat' dir='ltr'>Solem</span> <span class='ocrx_word' id='word_1_341' title='bbox 1076 2499 1263 2561; x_wconf 88' lang='lat' dir='ltr'>aliquot</span> <span class='ocrx_word' id='word_1_342' title='bbox 1288 2500 1484 2547; x_wconf 88' lang='lat' dir='ltr'>minutis</span> <span class='ocrx_word' id='word_1_343' title='bbox 1511 2500 1573 2548; x_wconf 90' lang='lat' dir='ltr'>ab</span> <span class='ocrx_word' id='word_1_344' title='bbox 1602 2499 1825 2562; x_wconf 88' lang='lat' dir='ltr'>ecliptica</span> <span class='ocrx_word' id='word_1_345' title='bbox 1849 2514 2036 2547; x_wconf 88' lang='lat' dir='ltr'>rursum</span> <span class='ocrx_word' id='word_1_346' title='bbox 2071 2513 2386 2562; x_wconf 88' lang='lat' dir='ltr'>prorsumque</span> <span class='ocrx_word' id='word_1_347' title='bbox 2416 2499 2570 2550; x_wconf 89' lang='lat' dir='ltr'>decli-</span> 
     </span>
     <span class='ocr_line' id='line_1_33' title="bbox 314 2570 2563 2636; baseline 0.002 -17"><span class='ocrx_word' id='word_1_348' title='bbox 314 2586 429 2621; x_wconf 89' lang='lat' dir='ltr'>nare</span> <span class='ocrx_word' id='word_1_349' title='bbox 463 2572 567 2634; x_wconf 89' lang='lat' dir='ltr'>jam</span> <span class='ocrx_word' id='word_1_350' title='bbox 606 2572 737 2635; x_wconf 92' lang='lat' dir='ltr'>apud</span> <span class='ocrx_word' id='word_1_351' title='bbox 774 2572 887 2633; x_wconf 76' lang='lat' dir='ltr'>haS,</span> <span class='ocrx_word' id='word_1_352' title='bbox 930 2572 1035 2634; x_wconf 89' lang='lat' dir='ltr'>jam</span> <span class='ocrx_word' id='word_1_353' title='bbox 1089 2573 1219 2635; x_wconf 92' lang='lat' dir='ltr'>apud</span> <span class='ocrx_word' id='word_1_354' title='bbox 1267 2571 1377 2620; x_wconf 88' lang='lat' dir='ltr'>illas</span> <span class='ocrx_word' id='word_1_355' title='bbox 1427 2571 1549 2620; x_wconf 89' lang='lat' dir='ltr'>fixas</span> <span class='ocrx_word' id='word_1_356' title='bbox 1568 2570 1684 2636; x_wconf 75' lang='lat'>¹⁰⁷)&#39;3</span> <span class='ocrx_word' id='word_1_357' title='bbox 1736 2578 1784 2621; x_wconf 91' lang='lat' dir='ltr'>et</span> <span class='ocrx_word' id='word_1_358' title='bbox 1819 2572 1940 2621; x_wconf 87' lang='lat' dir='ltr'>haec</span> <span class='ocrx_word' id='word_1_359' title='bbox 1976 2578 2259 2621; x_wconf 88' lang='lat' dir='ltr'>nutamenta</span> <span class='ocrx_word' id='word_1_360' title='bbox 2297 2575 2456 2636; x_wconf 90' lang='lat' dir='ltr'>spatio</span> <span class='ocrx_word' id='word_1_361' title='bbox 2501 2579 2563 2623; x_wconf 87' lang='lat'>19</span> 
     </span>
     <span class='ocr_line' id='line_1_34' title="bbox 312 2644 2566 2710; baseline 0.001 -18"><span class='ocrx_word' id='word_1_362' title='bbox 312 2658 544 2693; x_wconf 91' lang='lat' dir='ltr'>annorum</span> <span class='ocrx_word' id='word_1_363' title='bbox 592 2650 646 2692; x_wconf 88' lang='lat' dir='ltr'>ut</span> <span class='ocrx_word' id='word_1_364' title='bbox 695 2645 793 2693; x_wconf 89' lang='lat' dir='ltr'>dixi</span> <span class='ocrx_word' id='word_1_365' title='bbox 845 2647 1161 2694; x_wconf 90' lang='lat' dir='ltr'>restituuntur</span> <span class='ocrx_word' id='word_1_366' title='bbox 1208 2646 1256 2691; x_wconf 92' lang='lat' dir='ltr'>in</span> <span class='ocrx_word' id='word_1_367' title='bbox 1295 2646 1499 2708; x_wconf 85' lang='lat' dir='ltr'>pristina</span> <span class='ocrx_word' id='word_1_368' title='bbox 1538 2646 1760 2707; x_wconf 88' lang='lat' dir='ltr'>vestigia.</span> <span class='ocrx_word' id='word_1_369' title='bbox 1835 2644 2118 2694; x_wconf 90' lang='lat' dir='ltr'>Plusculum</span> <span class='ocrx_word' id='word_1_370' title='bbox 2157 2651 2320 2695; x_wconf 89' lang='lat' dir='ltr'>tamen</span> <span class='ocrx_word' id='word_1_371' title='bbox 2359 2653 2566 2710; x_wconf 90' lang='lat' dir='ltr'>occupat</span> 
     </span>
     <span class='ocr_line' id='line_1_35' title="bbox 309 2714 2565 2781; baseline 0.001 -15"><span class='ocrx_word' id='word_1_372' title='bbox 309 2717 433 2767; x_wconf 89' lang='lat' dir='ltr'>haec</span> <span class='ocrx_word' id='word_1_373' title='bbox 485 2719 711 2780; x_wconf 84' lang='lat' dir='ltr'>evagatio</span> <span class='ocrx_word' id='word_1_374' title='bbox 759 2718 1024 2781; x_wconf 76' lang='lat' dir='ltr'>privolviS,</span> <span class='ocrx_word' id='word_1_375' title='bbox 1073 2719 1231 2766; x_wconf 91' lang='lat' dir='ltr'>minus</span> <span class='ocrx_word' id='word_1_376' title='bbox 1282 2718 1533 2780; x_wconf 90' lang='lat' dir='ltr'>aliquanto</span> <span class='ocrx_word' id='word_1_377' title='bbox 1585 2714 1965 2781; x_wconf 74' lang='lat' dir='ltr'>subvolvis¹⁰8).</span> <span class='ocrx_word' id='word_1_378' title='bbox 2043 2718 2106 2766; x_wconf 91' lang='lat' dir='ltr'>Et</span> <span class='ocrx_word' id='word_1_379' title='bbox 2156 2721 2380 2781; x_wconf 89' lang='lat' dir='ltr'>quamvis</span> <span class='ocrx_word' id='word_1_380' title='bbox 2427 2726 2565 2769; x_wconf 90' lang='lat' dir='ltr'>motu</span> 
     </span>
     <span class='ocr_line' id='line_1_36' title="bbox 307 2789 2562 2854; baseline 0.001 -16"><span class='ocrx_word' id='word_1_381' title='bbox 307 2792 463 2854; x_wconf 88' lang='lat' dir='ltr'>primo</span> <span class='ocrx_word' id='word_1_382' title='bbox 504 2789 590 2839; x_wconf 89' lang='lat' dir='ltr'>Sol</span> <span class='ocrx_word' id='word_1_383' title='bbox 629 2797 678 2840; x_wconf 91' lang='lat' dir='ltr'>et</span> <span class='ocrx_word' id='word_1_384' title='bbox 714 2790 840 2840; x_wconf 87' lang='lat' dir='ltr'>fixae</span> <span class='ocrx_word' id='word_1_385' title='bbox 878 2795 1120 2854; x_wconf 91' lang='lat' dir='ltr'>ponantur</span> <span class='ocrx_word' id='word_1_386' title='bbox 1158 2790 1479 2854; x_wconf 88' lang='lat' dir='ltr'>aequabiliter</span> <span class='ocrx_word' id='word_1_387' title='bbox 1517 2791 1644 2839; x_wconf 89' lang='lat' dir='ltr'>circa</span> <span class='ocrx_word' id='word_1_388' title='bbox 1680 2789 1950 2839; x_wconf 90' lang='lat' dir='ltr'>Levaniam</span> <span class='ocrx_word' id='word_1_389' title='bbox 1988 2790 2236 2852; x_wconf 89' lang='lat' dir='ltr'>incedere,</span> <span class='ocrx_word' id='word_1_390' title='bbox 2278 2791 2364 2841; x_wconf 88' lang='lat' dir='ltr'>Sol</span> <span class='ocrx_word' id='word_1_391' title='bbox 2400 2798 2562 2842; x_wconf 91' lang='lat' dir='ltr'>tamen</span> 
     </span>
     <span class='ocr_line' id='line_1_37' title="bbox 308 2863 2563 2927; baseline 0.002 -16"><span class='ocrx_word' id='word_1_392' title='bbox 308 2864 547 2926; x_wconf 89' lang='lat' dir='ltr'>privolvis</span> <span class='ocrx_word' id='word_1_393' title='bbox 592 2864 642 2911; x_wconf 91' lang='lat' dir='ltr'>in</span> <span class='ocrx_word' id='word_1_394' title='bbox 687 2864 885 2913; x_wconf 89' lang='lat' dir='ltr'>meridie</span> <span class='ocrx_word' id='word_1_395' title='bbox 932 2879 1055 2927; x_wconf 88' lang='lat' dir='ltr'>pene</span> <span class='ocrx_word' id='word_1_396' title='bbox 1105 2863 1226 2911; x_wconf 90' lang='lat' dir='ltr'>nihil</span> <span class='ocrx_word' id='word_1_397' title='bbox 1264 2865 1355 2912; x_wconf 92' lang='lat' dir='ltr'>sub</span> <span class='ocrx_word' id='word_1_398' title='bbox 1403 2863 1511 2911; x_wconf 88' lang='lat' dir='ltr'>fixis</span> <span class='ocrx_word' id='word_1_399' title='bbox 1548 2869 1827 2927; x_wconf 87' lang='lat' dir='ltr'>promovet,</span> <span class='ocrx_word' id='word_1_400' title='bbox 1874 2863 2129 2912; x_wconf 89' lang='lat' dir='ltr'>subvolvis</span> <span class='ocrx_word' id='word_1_401' title='bbox 2174 2865 2449 2915; x_wconf 89' lang='lat' dir='ltr'>celerrimus</span> <span class='ocrx_word' id='word_1_402' title='bbox 2490 2872 2563 2915; x_wconf 89' lang='lat' dir='ltr'>est</span> 
     </span>
     <span class='ocr_line' id='line_1_38' title="bbox 308 2935 2561 2999; baseline 0.003 -16"><span class='ocrx_word' id='word_1_403' title='bbox 308 2938 360 2984; x_wconf 90' lang='lat' dir='ltr'>in</span> <span class='ocrx_word' id='word_1_404' title='bbox 399 2936 623 2999; x_wconf 81' lang='lat' dir='ltr'>meridie3</span> <span class='ocrx_word' id='word_1_405' title='bbox 673 2937 963 2986; x_wconf 86' lang='lat' dir='ltr'>contrarium</span> <span class='ocrx_word' id='word_1_406' title='bbox 1010 2942 1232 2986; x_wconf 88' lang='lat' dir='ltr'>teneatur</span> <span class='ocrx_word' id='word_1_407' title='bbox 1279 2936 1338 2987; x_wconf 89' lang='lat' dir='ltr'>de</span> <span class='ocrx_word' id='word_1_408' title='bbox 1376 2935 1538 2986; x_wconf 90' lang='lat' dir='ltr'>media</span> <span class='ocrx_word' id='word_1_409' title='bbox 1583 2942 1740 2985; x_wconf 90' lang='lat' dir='ltr'>nocte.</span> <span class='ocrx_word' id='word_1_410' title='bbox 1818 2935 2053 2998; x_wconf 88' lang='lat' dir='ltr'>Adeoque</span> <span class='ocrx_word' id='word_1_411' title='bbox 2092 2937 2178 2986; x_wconf 86' lang='lat' dir='ltr'>Sol</span> <span class='ocrx_word' id='word_1_412' title='bbox 2228 2938 2420 2988; x_wconf 84' lang='lat' dir='ltr'>videtur</span> <span class='ocrx_word' id='word_1_413' title='bbox 2468 2939 2561 2989; x_wconf 86' lang='lat' dir='ltr'>sub</span> 
     </span>
     <span class='ocr_line' id='line_1_39' title="bbox 307 3004 2112 3074; baseline 0.001 -16"><span class='ocrx_word' id='word_1_414' title='bbox 307 3009 416 3060; x_wconf 88' lang='lat' dir='ltr'>fixis</span> <span class='ocrx_word' id='word_1_415' title='bbox 456 3009 594 3074; x_wconf 88' lang='lat' dir='ltr'>quasi</span> <span class='ocrx_word' id='word_1_416' title='bbox 634 3010 871 3072; x_wconf 87' lang='lat' dir='ltr'>quosdam</span> <span class='ocrx_word' id='word_1_417' title='bbox 911 3009 1063 3059; x_wconf 88' lang='lat' dir='ltr'>saltus</span> <span class='ocrx_word' id='word_1_418' title='bbox 1100 3010 1272 3070; x_wconf 87' lang='lat' dir='ltr'>facere,</span> <span class='ocrx_word' id='word_1_419' title='bbox 1313 3008 1532 3071; x_wconf 86' lang='lat' dir='ltr'>singulos</span> <span class='ocrx_word' id='word_1_420' title='bbox 1573 3009 1742 3059; x_wconf 89' lang='lat' dir='ltr'>diebus</span> <span class='ocrx_word' id='word_1_421' title='bbox 1781 3008 1984 3072; x_wconf 89' lang='lat' dir='ltr'>singulis</span> <span class='ocrx_word' id='word_1_422' title='bbox 2005 3004 2112 3073; x_wconf 78' lang='lat'>¹⁰⁹).</span> 
     </span>
    </p>

    <p class='ocr_par' dir='ltr' id='par_1_6' title="bbox 307 3081 2559 3221">
     <span class='ocr_line' id='line_1_40' title="bbox 480 3081 2559 3144; baseline 0.001 -14"><span class='ocrx_word' id='word_1_423' title='bbox 480 3081 665 3132; x_wconf 90' lang='lat' dir='ltr'>Eadem</span> <span class='ocrx_word' id='word_1_424' title='bbox 705 3098 821 3132; x_wconf 85' lang='lat' dir='ltr'>vera</span> <span class='ocrx_word' id='word_1_425' title='bbox 874 3088 986 3132; x_wconf 91' lang='lat' dir='ltr'>sunt</span> <span class='ocrx_word' id='word_1_426' title='bbox 1030 3083 1081 3130; x_wconf 92' lang='lat' dir='ltr'>in</span> <span class='ocrx_word' id='word_1_427' title='bbox 1118 3082 1337 3144; x_wconf 89' lang='lat' dir='ltr'>Venere,</span> <span class='ocrx_word' id='word_1_428' title='bbox 1390 3081 1631 3132; x_wconf 90' lang='lat' dir='ltr'>Mercurio</span> <span class='ocrx_word' id='word_1_429' title='bbox 1681 3087 1729 3131; x_wconf 89' lang='lat' dir='ltr'>et</span> <span class='ocrx_word' id='word_1_430' title='bbox 1766 3081 1949 3144; x_wconf 86' lang='lat' dir='ltr'>Marte;</span> <span class='ocrx_word' id='word_1_431' title='bbox 2000 3083 2049 3129; x_wconf 90' lang='lat' dir='ltr'>in</span> <span class='ocrx_word' id='word_1_432' title='bbox 2088 3081 2218 3132; x_wconf 86' lang='lat' dir='ltr'>Jove</span> <span class='ocrx_word' id='word_1_433' title='bbox 2265 3087 2312 3132; x_wconf 90' lang='lat' dir='ltr'>et</span> <span class='ocrx_word' id='word_1_434' title='bbox 2349 3082 2559 3134; x_wconf 87' lang='lat' dir='ltr'>Saturno</span> 
     </span>
     <span class='ocr_line' id='line_1_41' title="bbox 307 3151 1180 3221; baseline -0.003 -15"><span class='ocrx_word' id='word_1_435' title='bbox 307 3170 433 3221; x_wconf 91' lang='lat' dir='ltr'>pene</span> <span class='ocrx_word' id='word_1_436' title='bbox 470 3154 774 3205; x_wconf 88' lang='lat' dir='ltr'>insensibilia</span> <span class='ocrx_word' id='word_1_437' title='bbox 811 3162 927 3204; x_wconf 89' lang='lat' dir='ltr'>sunt</span> <span class='ocrx_word' id='word_1_438' title='bbox 964 3151 1180 3221; x_wconf 61' lang='lat' dir='ltr'>istam).</span> 
     </span>
    </p>

    <p class='ocr_par' dir='ltr' id='par_1_7' title="bbox 306 3227 2559 3438">
     <span class='ocr_line' id='line_1_42' title="bbox 481 3227 2558 3292; baseline 0.001 -16"><span class='ocrx_word' id='word_1_439' title='bbox 481 3229 634 3292; x_wconf 90' lang='lat' dir='ltr'>Atqui</span> <span class='ocrx_word' id='word_1_440' title='bbox 671 3244 730 3278; x_wconf 91' lang='lat' dir='ltr'>ne</span> <span class='ocrx_word' id='word_1_441' title='bbox 769 3229 989 3291; x_wconf 88' lang='lat' dir='ltr'>aequalis</span> <span class='ocrx_word' id='word_1_442' title='bbox 1029 3227 1226 3291; x_wconf 90' lang='lat' dir='ltr'>quidem</span> <span class='ocrx_word' id='word_1_443' title='bbox 1264 3227 1355 3275; x_wconf 90' lang='lat' dir='ltr'>sibi</span> <span class='ocrx_word' id='word_1_444' title='bbox 1395 3227 1490 3288; x_wconf 90' lang='lat' dir='ltr'>ipsi</span> <span class='ocrx_word' id='word_1_445' title='bbox 1529 3231 1602 3275; x_wconf 89' lang='lat' dir='ltr'>est</span> <span class='ocrx_word' id='word_1_446' title='bbox 1639 3232 1798 3276; x_wconf 84' lang='lat' dir='ltr'>motus</span> <span class='ocrx_word' id='word_1_447' title='bbox 1837 3228 1928 3276; x_wconf 89' lang='lat' dir='ltr'>iste</span> <span class='ocrx_word' id='word_1_448' title='bbox 1969 3227 2168 3277; x_wconf 90' lang='lat' dir='ltr'>diurnus</span> <span class='ocrx_word' id='word_1_449' title='bbox 2208 3230 2422 3278; x_wconf 91' lang='lat' dir='ltr'>omnium</span> <span class='ocrx_word' id='word_1_450' title='bbox 2451 3229 2558 3280; x_wconf 90' lang='lat' dir='ltr'>die-</span> 
     </span>
     <span class='ocr_line' id='line_1_43' title="bbox 306 3299 2559 3364; baseline 0.001 -15"><span class='ocrx_word' id='word_1_451' title='bbox 306 3316 412 3350; x_wconf 90' lang='lat' dir='ltr'>rum</span> <span class='ocrx_word' id='word_1_452' title='bbox 448 3302 580 3351; x_wconf 88' lang='lat' dir='ltr'>horis</span> <span class='ocrx_word' id='word_1_453' title='bbox 620 3302 979 3363; x_wconf 91' lang='lat' dir='ltr'>consimilibus,</span> <span class='ocrx_word' id='word_1_454' title='bbox 1033 3300 1120 3349; x_wconf 91' lang='lat' dir='ltr'>sed</span> <span class='ocrx_word' id='word_1_455' title='bbox 1157 3301 1331 3349; x_wconf 89' lang='lat' dir='ltr'>lentior</span> <span class='ocrx_word' id='word_1_456' title='bbox 1371 3299 1659 3362; x_wconf 87' lang='lat' dir='ltr'>aliquando,</span> <span class='ocrx_word' id='word_1_457' title='bbox 1709 3306 1808 3348; x_wconf 89' lang='lat' dir='ltr'>tam</span> <span class='ocrx_word' id='word_1_458' title='bbox 1847 3300 1975 3349; x_wconf 88' lang='lat' dir='ltr'>Solis</span> <span class='ocrx_word' id='word_1_459' title='bbox 2015 3316 2161 3364; x_wconf 91' lang='lat' dir='ltr'>quam</span> <span class='ocrx_word' id='word_1_460' title='bbox 2209 3302 2412 3351; x_wconf 87' lang='lat' dir='ltr'>fixarum</span> <span class='ocrx_word' id='word_1_461' title='bbox 2451 3318 2559 3352; x_wconf 90' lang='lat' dir='ltr'>om-</span> 
     </span>
     <span class='ocr_line' id='line_1_44' title="bbox 306 3371 2558 3438; baseline 0.002 -17"><span class='ocrx_word' id='word_1_462' title='bbox 306 3376 454 3436; x_wconf 90' lang='lat' dir='ltr'>nium,</span> <span class='ocrx_word' id='word_1_463' title='bbox 492 3374 707 3424; x_wconf 88' lang='lat' dir='ltr'>velocior</span> <span class='ocrx_word' id='word_1_464' title='bbox 743 3377 791 3422; x_wconf 93' lang='lat' dir='ltr'>in</span> <span class='ocrx_word' id='word_1_465' title='bbox 830 3382 967 3438; x_wconf 87' lang='lat' dir='ltr'>parte</span> <span class='ocrx_word' id='word_1_466' title='bbox 1017 3375 1132 3422; x_wconf 88' lang='lat' dir='ltr'>anni</span> <span class='ocrx_word' id='word_1_467' title='bbox 1171 3374 1398 3436; x_wconf 91' lang='lat' dir='ltr'>opposita</span> <span class='ocrx_word' id='word_1_468' title='bbox 1434 3375 1484 3420; x_wconf 91' lang='lat' dir='ltr'>in</span> <span class='ocrx_word' id='word_1_469' title='bbox 1523 3372 1762 3421; x_wconf 92' lang='lat' dir='ltr'>consimili</span> <span class='ocrx_word' id='word_1_470' title='bbox 1804 3373 1924 3422; x_wconf 89' lang='lat' dir='ltr'>hora</span> <span class='ocrx_word' id='word_1_471' title='bbox 1962 3371 2182 3438; x_wconf 68' lang='lat' dir='ltr'>dicim).</span> <span class='ocrx_word' id='word_1_472' title='bbox 2257 3376 2320 3423; x_wconf 89' lang='lat' dir='ltr'>Et</span> <span class='ocrx_word' id='word_1_473' title='bbox 2357 3375 2558 3425; x_wconf 88' lang='lat' dir='ltr'>tarditas</span> 
     </span>
    </p>
   </div>
   <div class='ocr_carea' id='block_1_3' title="bbox 305 3445 2628 3734">
    <p class='ocr_par' dir='ltr' id='par_1_8' title="bbox 305 3445 2628 3734">
     <span class='ocr_line' id='line_1_45' title="bbox 306 3445 2625 3512; baseline 0.001 -18"><span class='ocrx_word' id='word_1_474' title='bbox 306 3448 402 3495; x_wconf 89' lang='lat' dir='ltr'>ista</span> <span class='ocrx_word' id='word_1_475' title='bbox 437 3463 523 3510; x_wconf 92' lang='lat' dir='ltr'>per</span> <span class='ocrx_word' id='word_1_476' title='bbox 561 3447 664 3496; x_wconf 89' lang='lat' dir='ltr'>dies</span> <span class='ocrx_word' id='word_1_477' title='bbox 704 3450 819 3497; x_wconf 88' lang='lat' dir='ltr'>anni</span> <span class='ocrx_word' id='word_1_478' title='bbox 856 3445 1096 3507; x_wconf 89' lang='lat' dir='ltr'>ambulat,</span> <span class='ocrx_word' id='word_1_479' title='bbox 1150 3452 1203 3494; x_wconf 88' lang='lat' dir='ltr'>ut</span> <span class='ocrx_word' id='word_1_480' title='bbox 1240 3460 1367 3494; x_wconf 93' lang='lat' dir='ltr'>nunc</span> <span class='ocrx_word' id='word_1_481' title='bbox 1405 3447 1644 3494; x_wconf 88' lang='lat' dir='ltr'>aestivam</span> <span class='ocrx_word' id='word_1_482' title='bbox 1682 3451 1899 3508; x_wconf 88' lang='lat' dir='ltr'>occupet,</span> <span class='ocrx_word' id='word_1_483' title='bbox 1939 3461 2067 3496; x_wconf 90' lang='lat' dir='ltr'>nunc</span> <span class='ocrx_word' id='word_1_484' title='bbox 2103 3447 2377 3510; x_wconf 89' lang='lat' dir='ltr'>hibernam,</span> <span class='ocrx_word' id='word_1_485' title='bbox 2431 3463 2558 3512; x_wconf 89' lang='lat' dir='ltr'>quae</span> <span class='ocrx_word' id='word_1_486' title='bbox 2614 3490 2625 3496; x_wconf 85' lang='lat'>-</span> 
     </span>
     <span class='ocr_line' id='line_1_46' title="bbox 307 3518 2628 3584; baseline 0.003 -18"><span class='ocrx_word' id='word_1_487' title='bbox 307 3519 404 3568; x_wconf 92' lang='lat' dir='ltr'>alio</span> <span class='ocrx_word' id='word_1_488' title='bbox 445 3535 571 3570; x_wconf 92' lang='lat' dir='ltr'>anno</span> <span class='ocrx_word' id='word_1_489' title='bbox 612 3521 908 3570; x_wconf 90' lang='lat' dir='ltr'>celeritatem</span> <span class='ocrx_word' id='word_1_490' title='bbox 958 3525 1200 3581; x_wconf 89' lang='lat' dir='ltr'>senserat,</span> <span class='ocrx_word' id='word_1_491' title='bbox 1253 3520 1454 3568; x_wconf 89' lang='lat' dir='ltr'>circuitu</span> <span class='ocrx_word' id='word_1_492' title='bbox 1503 3533 1600 3567; x_wconf 92' lang='lat' dir='ltr'>uno</span> <span class='ocrx_word' id='word_1_493' title='bbox 1651 3518 1877 3567; x_wconf 89' lang='lat' dir='ltr'>absoluto</span> <span class='ocrx_word' id='word_1_494' title='bbox 1927 3535 2013 3582; x_wconf 89' lang='lat' dir='ltr'>per</span> <span class='ocrx_word' id='word_1_495' title='bbox 2062 3523 2274 3584; x_wconf 89' lang='lat' dir='ltr'>spatium</span> <span class='ocrx_word' id='word_1_496' title='bbox 2321 3536 2556 3571; x_wconf 84' lang='lat' dir='ltr'>annorum</span> <span class='ocrx_word' id='word_1_497' title='bbox 2618 3522 2628 3572; x_wconf 77' lang='grc' dir='ltr'>’ῑ</span> 
     </span>
     <span class='ocr_line' id='line_1_47' title="bbox 305 3589 2555 3658; baseline 0.001 -18"><span class='ocrx_word' id='word_1_498' title='bbox 305 3591 452 3655; x_wconf 90' lang='lat' dir='ltr'>paulo</span> <span class='ocrx_word' id='word_1_499' title='bbox 490 3595 649 3642; x_wconf 91' lang='lat' dir='ltr'>minus</span> <span class='ocrx_word' id='word_1_500' title='bbox 687 3608 863 3644; x_wconf 87' lang='lat' dir='ltr'>novem</span> <span class='ocrx_word' id='word_1_501' title='bbox 888 3591 995 3656; x_wconf 76' lang='grc'>112).</span> <span class='ocrx_word' id='word_1_502' title='bbox 1072 3593 1247 3655; x_wconf 89' lang='lat' dir='ltr'>Itaque</span> <span class='ocrx_word' id='word_1_503' title='bbox 1279 3592 1385 3655; x_wconf 86' lang='lat' dir='ltr'>jam</span> <span class='ocrx_word' id='word_1_504' title='bbox 1425 3591 1527 3641; x_wconf 90' lang='lat' dir='ltr'>dies</span> <span class='ocrx_word' id='word_1_505' title='bbox 1563 3591 1753 3654; x_wconf 91' lang='lat' dir='ltr'>longior</span> <span class='ocrx_word' id='word_1_506' title='bbox 1789 3591 1844 3640; x_wconf 92' lang='lat' dir='ltr'>fit</span> <span class='ocrx_word' id='word_1_507' title='bbox 1887 3589 2116 3658; x_wconf 88' lang='lat' dir='ltr'>(naturali</span> <span class='ocrx_word' id='word_1_508' title='bbox 2153 3594 2403 3657; x_wconf 86' lang='lat' dir='ltr'>tarditate,</span> <span class='ocrx_word' id='word_1_509' title='bbox 2457 3609 2555 3644; x_wconf 91' lang='lat' dir='ltr'>non</span> 
     </span>
     <span class='ocr_line' id='line_1_48' title="bbox 305 3664 2618 3734; baseline 0.002 -21"><span class='ocrx_word' id='word_1_510' title='bbox 305 3670 361 3713; x_wconf 89' lang='lat' dir='ltr'>ut</span> <span class='ocrx_word' id='word_1_511' title='bbox 406 3666 536 3728; x_wconf 89' lang='lat' dir='ltr'>apud</span> <span class='ocrx_word' id='word_1_512' title='bbox 580 3681 668 3714; x_wconf 89' lang='lat' dir='ltr'>nos</span> <span class='ocrx_word' id='word_1_513' title='bbox 718 3669 767 3714; x_wconf 94' lang='lat' dir='ltr'>in</span> <span class='ocrx_word' id='word_1_514' title='bbox 819 3668 979 3716; x_wconf 90' lang='lat' dir='ltr'>Terris</span> <span class='ocrx_word' id='word_1_515' title='bbox 1030 3667 1245 3715; x_wconf 90' lang='lat' dir='ltr'>sectione</span> <span class='ocrx_word' id='word_1_516' title='bbox 1294 3665 1541 3728; x_wconf 88' lang='lat' dir='ltr'>inaequali</span> <span class='ocrx_word' id='word_1_517' title='bbox 1591 3664 1757 3714; x_wconf 90' lang='lat' dir='ltr'>circuli</span> <span class='ocrx_word' id='word_1_518' title='bbox 1809 3664 1905 3714; x_wconf 90' lang='lat' dir='ltr'>diei</span> <span class='ocrx_word' id='word_1_519' title='bbox 1951 3667 2207 3734; x_wconf 88' lang='lat' dir='ltr'>naturalis)</span> <span class='ocrx_word' id='word_1_520' title='bbox 2248 3667 2353 3730; x_wconf 89' lang='lat' dir='ltr'>jam</span> <span class='ocrx_word' id='word_1_521' title='bbox 2403 3669 2555 3718; x_wconf 88' lang='lat' dir='ltr'>vicis·</span> <span class='ocrx_word' id='word_1_522' title='bbox 2609 3683 2618 3718; x_wconf 64' lang='grc' dir='ltr'><em>ᾳ</em></span> 
     </span>
    </p>
   </div>
   <div class='ocr_carea' id='block_1_4' title="bbox 305 3735 658 3801">
    <p class='ocr_par' dir='ltr' id='par_1_9' title="bbox 305 3735 658 3801">
     <span class='ocr_line' id='line_1_49' title="bbox 305 3735 658 3801; baseline -0.003 -14"><span class='ocrx_word' id='word_1_523' title='bbox 305 3739 396 3787; x_wconf 84' lang='lat' dir='ltr'>sim</span> <span class='ocrx_word' id='word_1_524' title='bbox 433 3753 527 3787; x_wconf 87' lang='lat' dir='ltr'>nox</span> <span class='ocrx_word' id='word_1_525' title='bbox 554 3735 658 3801; x_wconf 74' lang='lat'>¹¹3).</span> 
     </span>
    </p>
   </div>
   <div class='ocr_carea' id='block_1_5' title="bbox 479 3809 2613 3875">
    <p class='ocr_par' dir='ltr' id='par_1_10' title="bbox 479 3809 2613 3875">
     <span class='ocr_line' id='line_1_50' title="bbox 479 3809 2613 3875; baseline 0.001 -15"><span class='ocrx_word' id='word_1_526' title='bbox 479 3809 666 3874; x_wconf 86' lang='lat' dir='ltr'>Quodsi</span> <span class='ocrx_word' id='word_1_527' title='bbox 702 3810 904 3861; x_wconf 90' lang='lat' dir='ltr'>tarditas</span> <span class='ocrx_word' id='word_1_528' title='bbox 942 3810 1178 3875; x_wconf 88' lang='lat' dir='ltr'>privolvis</span> <span class='ocrx_word' id='word_1_529' title='bbox 1224 3812 1273 3859; x_wconf 93' lang='lat' dir='ltr'>in</span> <span class='ocrx_word' id='word_1_530' title='bbox 1319 3812 1476 3860; x_wconf 90' lang='lat' dir='ltr'>noctis</span> <span class='ocrx_word' id='word_1_531' title='bbox 1522 3809 1732 3860; x_wconf 91' lang='lat' dir='ltr'>medium</span> <span class='ocrx_word' id='word_1_532' title='bbox 1769 3809 1959 3875; x_wconf 90' lang='lat' dir='ltr'>incidit,</span> <span class='ocrx_word' id='word_1_533' title='bbox 2009 3811 2280 3862; x_wconf 89' lang='lat' dir='ltr'>cumulatur</span> <span class='ocrx_word' id='word_1_534' title='bbox 2318 3811 2424 3875; x_wconf 88' lang='lat' dir='ltr'>ejus</span> <span class='ocrx_word' id='word_1_535' title='bbox 2463 3827 2552 3863; x_wconf 86' lang='lat' dir='ltr'>ex·</span> <span class='ocrx_word' id='word_1_536' title='bbox 2600 3821 2613 3873; x_wconf 67' lang='grc' dir='ltr'><em>ξ</em></span> 
     </span>
    </p>
   </div>
   <div class='ocr_carea' id='block_1_6' title="bbox 2596 3870 2613 3930">
    <p class='ocr_par' dir='ltr' id='par_1_11' title="bbox 2596 3870 2613 3930">
     <span class='ocr_line' id='line_1_51' title="bbox 2596 3870 2613 3930; baseline 0 0"><span class='ocrx_word' id='word_1_537' title='bbox 2596 3870 2613 3930; x_wconf 61' lang='grc' dir='ltr'><strong><em>ἕ</em></strong></span> 
     </span>
    </p>
   </div>
  </div>
 </body>
</html>
