2652 4088
1049 121 1130 171 111:
1162 120 1494 171 Astronomica.
2281 122 2387 184 247

135 281 218 327 est-
244 275 526 341 adscriptus
554 279 734 340 puncto
772 275 821 322 in
858 279 980 326 rota.
1045 273 1255 322 Tantum
1283 272 1401 322 illud
1434 274 1650 336 apprime
1691 287 1825 331 cave,
1867 286 1927 320 ne
1965 270 2136 336 regula
2174 282 2388 338 unquam

139 366 177 400 a.
209 359 373 400 centro
412 350 601 400 rotulae
638 348 846 399 recedat.
923 349 985 396 Et
1021 349 1092 394 sic
1130 348 1341 410 perfecte
1380 347 1650 410 sphaeram<
1680 345 1876 394 Saturni
1917 344 2241 410 descripseris.

835 494 1151 542 Delineatio
1191 495 1465 552 sphaerae
1503 496 1540 541 J
1543 495 1681 541 ovis.

304 581 360 629 In
398 581 529 629 linea
571 585 671 629 100
709 581 918 643 partium
958 593 1066 626 cum
1108 580 1284 627 circino
1326 578 1678 641 comprehende
1718 582 1878 641 partes
1907 574 1975 645 4}
2015 583 2063 627 et
2101 579 2260 641 posito
2289 594 2384 628 uno

135 653 260 718 pede
299 657 346 701 in
387 661 550 702 centro
590 652 877 712 universali,
931 667 1039 700 cum
1079 652 1232 700 altero
1272 654 1319 698 in
1360 666 1507 700 coeca
1541 651 1671 699 linea
1709 652 1759 713 Ἃ
1800 650 2002 712 designa
2039 660 2271 714 punctum
2312 668 2390 702 re-

133 729 327 776 motius.
379 727 498 774 Post
537 727 629 774 hoc
668 728 879 788 spatium
920 725 1132 772 medium
1171 725 1393 773 dividens
1419 725 1495 773 fac
1522 732 1752 786 punctum
1781 726 1993 787 propius.
2059 724 2249 773 Deinde
2280 741 2388 774 cum

136 802 312 849 circino
353 799 706 861 comprehende
745 806 909 861 partes
938 798 1040 866 52}
1081 804 1130 846 et
1167 801 1326 860 posito
1367 811 1462 845 uno
1502 797 1626 859 pede
1666 800 1712 844 in
1752 805 1984 859 puuctum
2022 799 2237 860 propius,
2281 814 2388 846 cum

139 874 293 922 altero
334 873 427 920 duc
464 873 641 919 lineam
683 872 963 920 circularem
1002 873 1203 934 nigram,
1247 885 1373 933 quae
1413 876 1485 918 est
1512 872 1593 918 via
1619 870 1684 929 Ἡ..
1748 871 1928 917 Postea
1969 876 2020 918 ut
2058 872 2106 917 in
2130 866 2168 934 Τ)
2199 872 2388 920 rotulae

136 955 352 995 centrum
392 945 587 1008 applica
623 953 803 1007 puncto
842 947 1113 1004 remotiori,
1154 953 1384 1006 punctum
1426 957 1540 990 vero
1580 943 1994 990 circumferentiae
2032 951 2143 1004 post
2181 959 2389 1007 sexage-

129 1034 230 1067 uasv
257 1024 304 1067 3.
346 1016 478 1086 3Ιὲυ
526 1018 723 1080 applica
775 1031 951 1065 coecae
1002 1017 1162 1065 lineae
1201 1016 1249 1077 ‘ll
1288 1015 1568 1079 productae.
1649 1016 1710 1063 Et
1756 1031 1840 1078 per
1892 1014 2108 1075 regulam
2161 1023 2214 1064 ut
2263 1020 2310 1064 in
2351 1014 2388 1082 Β

138 1091 343 1142 transfer
382 1105 547 1140 omnes
584 1090 764 1154 gradus
803 1090 991 1138 rotulae
1031 1103 1139 1137 cum
1178 1091 1279 1137 suis
1319 1090 1531 1137 numeris
1570 1094 1618 1138 et
1655 1088 1848 1137 lineolis
1890 1086 1952 1135 ad
1992 1089 2122 1136 viam
2162 1089 2228 1150 Ἡ.

807 1237 1091 1295 Sphaerae
1127 1238 1328 1284 Martis
1365 1193 1693 1286 delineatam.

304 1321 414 1371 Hae
453 1321 581 1370 duae
619 1322 964 1384 praecedentes
1004 1322 1240 1384 sphaerae
1289 1323 1481 1369 suerunt
1521 1328 1655 1369 extra
1694 1320 1932 1382 rotulam3
1982 1321 2197 1384 reliquae
2248 1327 2388 1369 erunt

129 1398 268 1445 intra.
329 1396 423 1443 Pro
450 1395 608 1444 Marte
636 1410 755 1458 cape
783 1397 960 1443 circino
988 1403 1149 1458 partes
1191 1400 1218 1444 3
1258 1396 1305 1441 in
1344 1395 1473 1443 linea
1506 1399 1603 1442 100
1632 1396 1841 1456 partium
1881 1409 2061 1457 easque
2102 1395 2305 1443 transfer
2342 1397 2392 1442 in

129 1469 531 1517 lineamrcoecam
558 1468 745 1528 Martis,
787 1470 1045 1531 positoque
1071 1470 1167 1516 imo
1194 1468 1318 1531 pede
1343 1470 1390 1514 in
1421 1467 1681 1515 universali
1725 1475 1914 1528 centro,
1956 1482 2065 1516 cum
2104 1468 2257 1516 altero
2298 1470 2391 1515 im-

128 1545 282 1605 prime
309 1550 539 1604 punctum
567 1543 820 1603 remotius3
861 1540 1036 1589 deinde
1072 1542 1164 1589 hoc
1191 1541 1471 1603 spatiolum,
1512 1542 1724 1603 propiori
1751 1547 1931 1603 puncto
1959 1543 2136 1603 posito,
2177 1541 2392 1589 medium

130 1615 323 1671 divide,
371 1615 457 1662 sed
497 1619 564 1662 ita
616 1623 670 1662 ut
709 1615 800 1662 hoc
837 1623 1071 1676 punctum
1124 1616 1186 1661 sit
1239 1614 1385 1678 paulo
1434 1615 1631 1678 propius
1683 1622 1846 1662 centro
1895 1614 2189 1675 universali,
2244 1629 2391 1677 quam

127 1690 373 1737 remotiori
413 1697 614 1750 puncto.
679 1688 868 1736 Deinde
910 1690 1088 1735 circino
1130 1701 1249 1751 cape
1291 1694 1451 1750 partes
1484 1687 1585 1755 153
1624 1694 1671 1734 et
1711 1687 1928 1734 describe
1971 1703 2027 1735 ex
2068 1694 2247 1751 puncto
2276 1702 2390 1751 pro-

131 1764 269 1826 piore
306 1762 493 1823 nigram
534 1764 662 1809 viam
702 1763 948 1819 martiam,
1003 1775 1149 1823 quam
1199 1768 1360 1824 potest
1408 1760 1510 1808 fieri
1561 1760 1944 1808 subtilissimam.
2022 1760 2233 1808 Rotulae
2274 1775 2388 1809 vero

129 1843 349 1885 centrum
387 1836 579 1898 applica
619 1842 796 1898 puncto
836 1836 1108 1893 remotiori,
1162 1843 1210 1882 et
1249 1842 1478 1897 puuctum
1519 1834 1931 1882 circumferentiae
1970 1839 2081 1897 post
2130 1849 2294 1895 sexag.
2343 1839 2387 1883 1.

130 1923 198 1970 gr.
229 1910 313 1956 34.
355 1910 548 1971 applica
574 1921 750 1955 coccae
778 1907 934 1954 lineae
963 1907 1134 1955 Martis
1161 1913 1207 1954 et
1245 1908 1452 1954 inscribe
1481 1921 1589 1954 cum
1617 1907 1787 1967 regula
1825 1906 2004 1968 gradus
2044 1922 2102 1955 ex
2141 1906 2299 1954 rotula
2338 1909 2387 1953 in

130 1982 259 2029 viam
284 1980 473 2029 Martis,
549 1980 786 2028 Numeros
825 1994 1016 2043 appone
1042 1993 1188 2042 quam
1216 1987 1379 2044 potest
1417 1979 1518 2027 fieri
1559 1979 1818 2028 subtiliter.
1872 1979 1922 2028 Si
1963 1982 2105 2027 nimis
2151 1987 2388 2042 angustus

129 2062 202 2102 est
239 2055 487 2112 circellus,
541 2069 685 2116 quam
734 2061 786 2099 ut
825 2062 898 2100 tot
936 2062 1115 2116 puncta
1169 2055 1356 2115 capiat,
1410 2055 1551 2115 signa
1606 2054 1719 2100 bina
1767 2052 1940 2101 saltem
1992 2060 2076 2100 aut
2116 2058 2265 2115 quina
2303 2059 2388 2101 aut

129 2127 284 2178 dena..
345 2127 582 2175 Numeros
612 2141 726 2175 vero
757 2140 881 2190 pone
921 2133 1057 2174 extra
1096 2126 1259 2174 circuli
1288 2121 1677 2192 ambitumffinon
1717 2127 1858 2186 intra,
1900 2128 2015 2189 quia
2055 2128 2180 2175 intra
2219 2141 2388 2190 parum

126 2202 269 2264 spatii
310 2202 562 2264 supererit.

652 2347 938 2405 Sphaerae
976 2348 1125 2394 Solis
1163 2349 1255 2394 vel
1293 2349 1496 2394 Terrae
1534 2346 1859 2394 delineatio.

299 2432 433 2495 Cape
483 2433 659 2481 circino
713 2440 873 2497 partes
925 2438 988 2482 10
1029 2434 1074 2479 in
1128 2433 1261 2482 linea
1305 2437 1403 2481 100
1445 2435 1653 2496 partium
1705 2438 1752 2480 et
1802 2431 1970 2481 relicto
2022 2447 2119 2482 uno
2171 2434 2296 2498 pede
2336 2435 2386 2482 in

128 2513 290 2555 centro
344 2506 631 2566 universali,
684 2520 791 2554 cum
842 2506 994 2555 altero
1042 2506 1259 2554 describe
1309 2506 1487 2555 lineam
1538 2507 1750 2567 nigram,
1805 2520 1929 2568 quae
1981 2509 2069 2554 erit
2109 2509 2189 2554 via
2229 2509 2382 2556 centri

128 2578 320 2627 Terrae.
384 2579 563 2627 Postea
589 2579 746 2627 eidem
771 2587 934 2627 centro
975 2579 1234 2627 universali
1275 2579 1468 2643 applica
1506 2586 1719 2627 centrum
1760 2579 1960 2637 rotulae,
2003 2587 2232 2643 punctum
2263 2595 2378 2629 vero

126 2653 535 2701 circumferentiae
575 2653 635 2700 ad
675 2667 837 2715 sexag.
869 2657 913 2702 5.
944 2650 1074 2719 49ὲο
1112 2653 1258 2716 paulo
1300 2654 1407 2716 plus
1445 2651 1639 2716 applica
1678 2665 1853 2700 coecae
1893 2652 2049 2701 lineae
2077 2652 2223 2713 Solis,
2267 2656 2384 2702 erit-

127 2739 220 2787 que
258 2740 357 2774 sex.
402 2731 447 2774 4.
491 2724 582 2773 10υ
623 2728 671 2773 4‘
723 2729 768 2778 in
818 2728 1052 2789 superiori
1100 2733 1234 2790 parte
1274 2725 1432 2775 lineae
1481 2729 1647 2788 nigrae
1699 2727 1748 2772 in
1800 2725 1983 2774 tabula.
2062 2726 2121 2773 Et
2172 2728 2389 2789 inscribe>

124 2797 301 2859 gradus
340 2813 397 2846 ex
436 2798 594 2846 rotula
632 2806 686 2846 ut
725 2801 771 2845 in
811 2799 1155 2862 superioribus.
1219 2798 1300 2847 Sic
1340 2798 1631 2863 descripsisti
1675 2801 1805 2845 viam
1839 2798 2063 2846 Telluris.
2129 2797 2224 2848 Ubi
2268 2815 2382 2849 vero

127 2884 273 2919 coeca
311 2871 438 2920 linea
489 2874 697 2935 apogaei
740 2872 938 2920 Veneris
987 2879 1122 2920 secat
1170 2872 1299 2920 hunc
1337 2874 1526 2931 orbem,
1577 2871 1755 2939 lineam
1804 2873 1865 2918 ab
1917 2872 2008 2918 hoc
2048 2873 2161 2920 orbe
2217 2887 2382 2921 versus

127 2943 299 2991 Martis
337 2946 500 2993 orbem
526 2947 713 3007 nigram
739 2946 884 2993 facito
912 2947 1124 3008 itemque
1165 2952 1211 2993 et
1251 2947 1296 2991 in
1339 2945 1443 3007 ejus
1487 2955 1546 2995 σο
1591 2951 1638 2993 et
1664 2945 1739 3003 [l.
1818 2944 1898 2992 Sic
1945 2946 2026 2994 ubi
2079 2958 2223 2993 coeca
2253 2942 2383 2994 linea

128 3018 423 3066 mercurialis
444 3020 651 3082 apogaei
672 3025 805 3067 secat
826 3018 952 3065 hunc
970 3018 1338 3078 orbem‚lineam
1361 3031 1527 3066 versus
1547 3017 1898 3066 orbemTerrae
1920 3019 2178 3065 introrsum
2200 3017 2378 3066 ducito,

917 3165 1232 3212 Delineatio
1271 3165 1387 3211 loci
1425 3164 1587 3213 Solis.

302 3249 423 3298 Cum
465 3252 643 3299 circino
683 3264 802 3313 cape
841 3250 1128 3313 particulam
1169 3252 1358 3297 tertiam
1400 3249 1457 3297 de
1498 3255 1633 3313 parte
1662 3264 1757 3296 una
1786 3250 1831 3295 in
1859 3249 1990 3296 linea
2021 3253 2120 3296 100
2150 3251 2380 3314 partium,

131 3330 180 3371 et
217 3322 388 3371 relicto
428 3337 523 3370 uno
564 3322 684 3386 pede
725 3325 885 3370 circini
926 3325 974 3370 in
1015 3331 1178 3370 centro
1218 3321 1504 3380 universali,
1563 3337 1670 3371 cum
1719 3322 1870 3369 altero
1910 3324 2243 3369 tenuissimum
2285 3325 2379 3371 im-

130 3397 281 3460 prime
321 3396 603 3456 punctulum
655 3399 700 3442 in
753 3395 881 3443 linea
921 3409 1068 3443 coeca
1120 3396 1323 3458 apogaei
1376 3394 1562 3443 solaris.
1642 3394 1751 3441 Hoc
1790 3394 2071 3457 punctulum
2121 3396 2209 3443 tibi
2249 3395 2378 3445 Solis

132 3482 306 3531 corpus
345 3469 725 3529 repraesentabit
762 3474 810 3514 et
848 3469 918 3514 sic
955 3468 1100 3515 etiam
1135 3473 1350 3515 vocatur.
1404 3466 1499 3514 Sed
1529 3468 1608 3513 vix
1649 3469 1826 3529 poteris
1867 3469 1933 3513 ita
1959 3468 2179 3516 minutim
2216 3484 2377 3519 secare

136 3542 422 3589 centesimas
463 3542 724 3605 particulas
764 3547 957 3602 propter
995 3541 1192 3586 nimiam
1232 3546 1279 3587 et
1317 3540 1395 3586 vix
1433 3539 1710 3587 sensibilem
1752 3538 2033 3590 exilitatem.

797 3684 1115 3732 Delineatio
1155 3684 1423 3741 sphaerae
1460 3685 1711 3732 Veneris.

308 3774 427 3822 Cum
467 3774 643 3821 circino
683 3786 803 3835 cape
842 3773 993 3835 primo
1021 3778 1181 3835 partes
1212 3769 1273 3838 7³5
1309 3772 1389 3831 ψ,
1431 3770 1602 3820 deinde
1633 3768 1695 3840 62-
1727 3770 1811 3836 ψ,
1852 3776 1899 3820 et
1924 3770 2090 3820 relicto
2130 3785 2225 3820 uno
2253 3771 2375 3837 pede

135 3849 183 3896 iu
221 3855 385 3898 centro
425 3844 702 3907 universali,
744 3858 852 3893 cum
892 3844 1041 3894 altero
1083 3844 1298 3894 describe
1338 3849 1367 3894 2
1397 3843 1630 3909 circellos,
1670 3843 1968 3896 includentes
2007 3846 2229 3913 utrinque
2269 3855 2386 3900 orn-⁴
