2652 4088
338 197 443 254 178
931 194 1219 243 Collectanea
1247 206 1305 241 ex
1337 193 1568 241 codicibus
1597 193 1993 242 Pulkoviensibus.

340 347 597 397 cluduntur
621 344 701 393 vel
725 342 1125 408 regularium‘vel
1151 341 1578 392 Archimedeorum
1603 345 1838 407 prismata
1863 343 2132 406 horumque
2170 343 2348 394 similia
2386 345 2588 406 infinita,

341 435 467 482 quae
504 423 694 467 tantum
734 432 794 466 ex
831 432 929 466 una
966 422 1104 479 parte
1141 430 1368 478 magnam
1407 415 1589 465 habent
1626 418 1799 466 basim.
1863 416 2088 465 Secundo
2114 431 2344 466 zonarum
2383 418 2480 466 duo
2511 421 2589 466 in-

338 493 476 540 finita
523 505 704 554 genera
742 505 802 538 ex
851 490 1102 553 quadratis
1141 495 1190 538 et
1226 488 1510 551 triangulis,
1563 504 1690 552 quae
1727 495 1917 538 tantum
1957 495 1986 538 2
2027 489 2148 538 locis
2186 505 2389 554 magnas
2427 491 2587 551 baseS,

338 564 456 613 alibi
494 579 667 627 puram
705 563 888 611 habent
925 577 1116 610 zonam.
1167 561 1493 610 Archimedea
1529 564 1678 624 igitur
1715 568 1827 611 sunt
1858 567 1939 611 13.
1990 559 2230 612 Omnibus
2257 563 2433 612 accidit
2456 578 2590 613 nova

337 641 516 699 sectio;
557 637 672 686 cubi
707 650 920 702 namque
945 634 1190 683 mutilatio
1218 636 1375 698 gignit
1403 635 1672 698 pyramida,
1712 635 1976 699 pyramidis
2008 662 2072 669 —
2100 635 2378 686 octae'dron.
2445 635 2590 701 (Nul-

335 709 438 759 lum
476 725 536 759 ex
573 710 759 772 impari,
800 714 991 771 praeter
1031 713 1060 756 3
1103 714 1150 755 et
1191 712 1238 767 5,
1278 709 1395 770 quia
1431 722 1528 755 non
1566 711 1743 756 coe‘unt
1781 722 1988 767 sursum,
2029 722 2090 756 ex
2117 713 2166 769 3,
2194 714 2242 769 4,
2273 714 2319 770 5,
2351 711 2396 770 6,
2426 714 2474 769 8,
2507 714 2587 768 10,

335 783 456 830 nihil
496 798 555 832 ex
597 788 660 831 12
702 796 790 829 nec
827 780 940 836 ullis
979 780 1125 843 aliis).
1202 780 1283 828 Sic
1322 795 1380 829 ex
1418 780 1494 828 his
1536 785 1563 829 5
1603 780 1776 829 mutila
1820 783 2034 831 veniunt.
2111 781 2300 830 Deinde
2347 781 2588 844 quaedam

335 858 480 905 mista
517 862 631 903 sunt
668 870 729 903 ex
766 855 909 913 binis,
951 868 1107 916 eaque
1137 859 1183 901 2.
1238 853 1364 900 Tum
1403 852 1525 902 haec
1563 867 1751 901 rursum
1787 854 2012 902 mutilata
2047 856 2216 916 quasi,
2257 857 2403 904 etiam
2427 848 2489 915 '2,
2541 862 2590 904 et

336 929 460 978 haec
500 929 734 977 deformia
773 942 834 975 ex
874 932 902 975 3
943 926 1192 975 lateribus,
1269 925 1495 989 Amplius
1535 925 1777 988 quaedam
1817 926 2058 976 distractis
2096 927 2257 990 planis
2294 930 2502 992 propriis
2540 936 2588 978 et

338 1001 582 1065 completo
621 1000 774 1060 hiatu,
816 1000 896 1048 vel
935 999 1188 1062 triangulis
1230 1004 1276 1058 2,
1319 998 1397 1047 vel
1436 998 1784 1061 quadrangulis
1823 1004 1870 1049 2.

507 1074 601 1122 His
646 1078 708 1122 18
750 1072 929 1122 accidit
965 1086 1229 1134 congruere
1270 1073 1318 1118 in
1358 1087 1550 1121 cavum.
1603 1072 1764 1120 Etiam
1803 1087 1978 1121 cavum
2017 1074 2066 1120 in
2103 1072 2190 1122 illa
2229 1075 2464 1138 congruit,
2502 1073 2587 1123 sed

335 1150 385 1195 in
429 1152 457 1197 5
500 1147 800 1210 simpliciter,
841 1148 889 1193 in
933 1150 995 1194 13
1040 1151 1228 1193 tantum
1266 1143 1330 1192 ad
1366 1146 1716 1207 propinquiora
1752 1145 1921 1194 latera.

507 1221 581 1268 Ex
621 1219 736 1268 data
773 1219 934 1282 specie
973 1218 1140 1280 anguli
1178 1233 1407 1267 numerus
1445 1218 1652 1266 laterum
1690 1220 1839 1270 venit.
1900 1218 2016 1267 Tria
2054 1219 2316 1282 quadrata:
2358 1226 2431 1269 est
2470 1235 2587 1284 spe·
2650 1231 2652 1250 ³

335 1295 434 1342 cies
472 1292 639 1354 solidi,
690 1306 803 1354 ergo
851 1291 1154 1352 trilateralis,
1207 1290 1358 1354 plana
1407 1305 1522 1339 vero
1569 1297 1683 1339 sunt
1729 1291 2072 1353 quadrilatera.
2148 1293 2388 1347 Numerus
2440 1295 2586 1356 igitur
2649 1359 2652 1362 Α

332 1367 539 1415 laterum
578 1372 651 1415 est
693 1372 773 1414 12.
850 1365 966 1412 Tria
1002 1364 1269 1427 triangula:
1321 1363 1533 1426 angulus
1582 1372 1655 1412 est
1695 1364 1964 1425 austerus,
2016 1365 2215 1427 planum
2265 1366 2456 1428 itidem3
2506 1367 2586 1416 hic

333 1455 562 1490 numerus
603 1445 631 1488 3
674 1438 915 1487 sufficeret
954 1439 1159 1500 utrique,
1198 1436 1285 1486 sed
1322 1451 1471 1485 unum
1509 1443 1699 1486 tautum
1738 1437 1875 1487 daret
1911 1438 2206 1501 triangulum
2249 1446 2298 1488 et
2334 1439 2584 1502 angulum.

336 1512 497 1575 Quare
535 1514 738 1561 sumitur
765 1512 1011 1574 proximus
1041 1516 1088 1560 5.
1140 1510 1256 1558 Tria
1281 1509 1664 1573 quinquangula,
1704 1511 1913 1574 angulus
1952 1511 2225 1571 trilinearis,
2266 1513 2399 1561 basis
2440 1515 2586 1575 quin·
2644 1560 2646 1566 ,

335 1585 598 1648 quelatera.
665 1590 693 1634 3
721 1593 781 1638 ><
810 1589 837 1634 5
867 1591 940 1633 est
979 1588 1068 1644 15,
1109 1583 1196 1632 sed
1235 1598 1331 1632 non
1369 1591 1532 1646 potest
1571 1598 1678 1632 esse
1717 1586 1898 1646 impar,
1939 1590 2013 1633 est
2059 1600 2174 1648 ergo
2223 1591 2288 1635 30
2317 1588 2580 1648 proximus.
2640 1596 2652 1619 s

335 1659 556 1721 Quatuor
580 1658 837 1720 triangula,
869 1662 949 1717 12,
981 1661 1009 1706 5
1036 1656 1279 1719 triangula
1301 1662 1381 1717 15,
1406 1663 1455 1706 et
1475 1661 1557 1716 30,
1586 1671 1646 1705 ex
1668 1656 1904 1706 lateribus
1930 1657 2089 1707 bases·
2130 1659 2255 1707 Nam
2281 1674 2430 1707 unum
2455 1658 2582 1708 latus
2638 1655 2646 1691 ’ἶ

333 1746 586 1781 commune
613 1738 688 1780 est
718 1736 745 1779 2
778 1731 992 1791 basibus,
1034 1743 1149 1792 ergo
1181 1735 1244 1778 12
1273 1729 1428 1779 latera
1454 1736 1568 1778 sunt
1595 1734 1662 1778 24
1690 1736 1737 1779 et
1766 1735 1795 1779 4
1822 1730 2007 1779 faciunt
2031 1730 2246 1793 planum,
2287 1747 2402 1795 ergo
2433 1738 2460 1781 6
2492 1739 2582 1783 etc.
2641 1759 2650 1799 f

505 1805 583 1853 Ad
610 1805 1021 1867 comparationem
1041 1808 1277 1851 rectorum
1297 1818 1404 1851 cum
1425 1817 1573 1864 curvo
1599 1805 1805 1865 pertinet
1831 1802 2107 1866 adscriptiO.
2148 1806 2208 1853 Et
2235 1807 2437 1854 veniunt
2463 1807 2584 1855 inter

333 1883 493 1927 cetera
531 1879 679 1926 etiam
718 1878 948 1940 trapezia.
1002 1876 1123 1925 Cum
1162 1882 1325 1925 autem
1365 1891 1460 1924 non
1489 1890 1629 1924 omne
1655 1877 1922 1939 trapezium
1960 1879 2022 1925 sit
2046 1877 2340 1942 adscriptile,
2378 1880 2585 1942 primum
2639 1892 2641 1901 ¹

332 1953 636 2015 experiamur
673 1952 720 1998 in
759 1949 1062 2013 regularibus
1100 1950 1342 2012 trapeziis,
1381 1963 1507 2012 quae
1548 1948 1643 1997 duo
1672 1951 1898 2013 opposita
1935 1949 2088 1999 latera
2112 1951 2347 2013 parallela
2385 1953 2582 2013 habent,
2631 1991 2637 2023 ;

333 2031 382 2074 et
419 2026 560 2074 binos
598 2039 695 2072 non
737 2023 988 2087 oppositos
1041 2023 1247 2084 angulos
1295 2022 1554 2084 aequales,
1607 2023 1722 2071 item
1763 2022 1886 2071 duos
1926 2026 2178 2086 oppositos
2215 2025 2361 2074 simul
2398 2032 2584 2075 sumtos
2626 2046 2633 2093 ,ζ

332 2096 534 2161 reliquis
574 2096 766 2146 duobus
805 2095 1053 2159 aequales,
1102 2095 1270 2145 Simile
1309 2095 1425 2158 quid
1465 2095 1716 2144 habebunt
1755 2095 2052 2158 irregularia,
2090 2112 2158 2147 sc.
2198 2105 2254 2146 ut
2291 2098 2387 2147 duo
2426 2113 2584 2163 oppo-

331 2174 414 2221 siti
449 2170 594 2221 simul
632 2171 778 2220 sumti
814 2169 1014 2233 reliquis
1050 2169 1148 2218 sint
1184 2169 1431 2233 aequaleS,
1470 2168 1519 2217 h.
1561 2183 1600 2219 e.
1640 2170 1757 2217 recti
1798 2171 1845 2218 2.
2618 2226 2624 2237 .

1543 2240 1630 2290 De
1669 2243 1881 2290 curtis.
1945 2241 2145 2305 Species
2188 2248 2216 2293 5
2245 2250 2359 2294 sunt
2396 2261 2428 2294 a
2465 2246 2583 2295 toti·
2623 2267 2629 2309 j

1370 2314 1479 2363 dem
1523 2314 1846 2377 regularibus.
1923 2315 2255 2366 Dimensionis
2294 2320 2584 2382 principium

1242 2393 1283 2438 G
1367 2390 1418 2436 in
1457 2389 1582 2436 cubo
1622 2394 1784 2447 curto,
1825 2387 1936 2437 inde
1977 2388 2109 2451 quod
2135 2398 2300 2440 manet
2338 2390 2467 2441 idem
2505 2392 2584 2440 in·
2612 2390 2629 2445 “.

1367 2463 1575 2523 scriptus
1630 2462 1845 2524 antiquis
1892 2461 2128 2511 lateribus
2178 2470 2226 2512 et
2264 2464 2396 2527 quod
2435 2479 2619 2532 pyra-‚

1367 2533 1510 2581 midis
1537 2533 1703 2596 anguli
1732 2535 1889 2583 cubici
1915 2537 2087 2584 resecti
2110 2535 2346 2587 dimensio
2363 2538 2582 2588 habetur.
2605 2549 2615 2563 ⁴

1018 2561 1280 2681 A?
1370 2605 1629 2668 Quaeritur
1668 2621 1782 2669 ergo
1822 2607 1952 2656 latus
1992 2611 2256 2673 octanguli,
2299 2610 2431 2674 quod
2458 2626 2582 2674 qua-

1370 2679 1605 2741 drangulo
1647 2681 1924 2728 inscribitur
1961 2681 2042 2731 vel
2092 2684 2223 2745 quod
2261 2684 2314 2732 fit
2352 2699 2410 2734 ex
2450 2690 2583 2734 curto
2607 2694 2618 2700 ’

1371 2752 1722 2814 quadrangulo.
1799 2751 1888 2801 EG
1926 2752 2054 2804 latus
2102 2756 2448 2832 quadranguli,
2501 2754 2599 2806 ΟΒ
2650 2762 2652 2811 ἑ

1372 2825 1650 2888 octanguli,
1692 2826 1869 2887 quibus
1908 2835 2022 2876 sunt
2060 2830 2294 2891 aequales
2336 2793 2448 2890 CD,
2476 2829 2581 2879 AB.

1371 2897 1491 2946 Cum
1531 2912 1645 2960 ergo
1682 2898 1774 2946 BA
1811 2901 1967 2961 possit
1992 2900 2095 2961 ΑΕ,
2138 2902 2235 2963 ΕΒ,
2274 2905 2430 2966 possit
2466 2917 2581 2953 vero

1371 2977 1418 3020 et
1446 2969 1548 3030 EG,
1576 2985 1689 3032 ergo
1717 2971 1804 3019 AE
1831 2979 1992 3034 potest
2020 2974 2272 3024 dimidium
2302 2975 2405 3025 EG.
2451 2976 2580 3026 Sub-

761 2285 847 2326 mg.
875 2284 905 2317 1.

1370 3042 1588 3092 trahatur
1626 3043 1713 3091 EA
1753 3043 1830 3092 vel
1872 3045 1953 3092 ΕΒ
1993 3047 2056 3096 ab
2095 3047 2206 3107 EG,
2247 3050 2449 3099 restabit
2474 3047 2587 3110 BG,-

1372 3115 1504 3178 quod
1543 3122 1617 3164 est
1654 3116 1860 3178 aequale
1900 3117 2006 3179 ΟΕ,
2046 3121 2096 3169 id
2133 3123 2196 3170 ab
2235 3122 2319 3171 ΕΒ
2357 3123 2580 3172 subtrac—

1372 3196 1474 3238 tum
1521 3189 1751 3252 relinquit
1789 3189 1870 3238 CB
1913 3190 2056 3244 latus.
2133 3195 2285 3244 Porro
2336 3210 2446 3244 cum
2485 3192 2591 3261 GH„

1375 3262 1629 3324 diagonios
1677 3264 1832 3325 possit
1871 3263 2069 3327 duplum
2107 3266 2198 3316 HE
2239 3274 2286 3317 et
2322 3268 2413 3317 HE
2454 3267 2579 3332 dup-
2626 3298 2627 3304 κ

1369 3335 1470 3384 lum
1498 3335 1599 3395 EA,
1641 3350 1789 3397 quare
1819 3334 1915 3386 HG
1941 3346 2103 3402 potest
2129 3341 2453 3405 quadruplum
2479 3339 2576 3393 ΕΑ.

329 3415 418 3465 Est
454 3430 569 3479 ergo
608 3415 696 3465 EA
736 3413 989 3463 dimidium
1027 3410 1245 3476 diagonii
1281 3409 1394 3460 HG.
1481 3407 1888 3509 {gzlffggssggg

1478 3524 1888 3583 NJ

1483 3613 1550 3654 CB
1574 3630 1630 3650 =
1679 3617 1898 3659 4782926.

326 3698 494 3760 Porro,
535 3715 644 3750 cum
680 3698 956 3748 tetrae‘dron
994 3704 1172 3748 tectum
1212 3700 1276 3747 sit
1315 3704 1345 3748 4
1386 3696 1577 3760 angulis
1617 3698 1826 3760 cubicis,
1867 3714 1898 3748 a
1936 3713 2032 3763 quo
2073 3698 2282 3750 demissa
2317 3697 2578 3764 perpendi--

327 3772 504 3820 cularis
540 3788 626 3835 per
664 3780 879 3821 centrum
916 3772 1146 3822 tetrae'dri
1183 3773 1228 3818 in
1270 3778 1483 3820 centrum
1522 3769 1704 3832 figurae
1743 3773 1936 3831 transit,
1983 3787 2096 3834 ergo
2146 3773 2308 3822 radius
2357 3771 2609 3837 inscripti..

329 3845 586 3905 tetraedrO,
627 3846 817 3894 demtus
856 3862 886 3894 a
923 3844 1059 3894 radio
1100 3846 1461 3908 circumscripti,
1500 3842 1726 3905 relinquit
1764 3845 2066 3895 altitudinem
2106 3847 2264 3895 cubici
2302 3845 2446 3910 hujus
2483 3858 2572 3894 an-

327 3917 447 3982 guli.
525 3917 776 3968 Tetrae‘dri
814 3919 1071 3982 inscriptus
1111 3923 1185 3968 est
1220 3917 1258 3988 ᾗ
1295 3916 1354 3967 de
1392 3916 1529 3967 radio
1568 3917 1952 3985 circumscripto,
2005 3932 2120 3983 ergo
2159 3919 2368 3970 altitudo
2406 3916 2570 3984 anguli
