2652 4088
276 180 384 238 276
866 176 1150 224 Collectanea
1179 187 1238 222 ex
1267 174 1499 223 codicibus
1527 175 1919 225 Pulkoviensibus.

274 327 568 380 meridianae
604 339 691 388 per
728 322 915 389 aliquot
952 324 1054 374 dies
1093 323 1313 374 solstitiis
1350 326 1596 387 proximos
1635 330 1747 375 ante
1786 332 1834 374 et
1855 329 1970 388 post
2007 323 2298 390 indagarunt
2335 333 2515 379 certum

275 404 403 452 diem
440 399 651 460 solstitii,
691 412 787 460 quo
825 398 953 447 facto
991 413 1078 461 per
1116 411 1269 446 annos
1307 411 1404 445 non
1429 398 1540 461 plus
1567 405 1790 461 quatuor,
1829 398 2038 461 intelligi
2061 405 2224 462 potest
2260 399 2515 464 longitudo

273 477 387 524 anni
427 472 611 523 dierum
638 471 795 540 3653.
860 470 905 518 A
945 469 1021 519 die
1060 472 1207 533 igitur
1243 469 1439 519 solstitii
1475 471 1691 520 fecerunt
1727 473 1917 519 initium
1943 474 2292 522 numerationis
2331 474 2516 523 dierum

271 548 400 608 anni,
441 560 549 595 cum
585 543 806 594 viderent
830 558 1036 604 menses,
1077 557 1200 605 quos
1224 542 1366 592 Luna
1405 542 1612 593 docebat
1651 543 1894 593 celebrare
1932 549 1981 593 et
2004 559 2273 607 numerare,
2313 546 2362 594 in
2389 562 2515 596 anno

271 619 517 670 solstitiali
554 619 726 680 vagari
762 630 852 665 nec
891 617 1114 666 omnibus
1152 618 1293 664 annis
1332 615 1538 665 eundem
1587 618 1791 666 retinere
1840 618 2001 665 situm.
2059 618 2234 681 Itaque
2270 618 2518 668 Hesiodus

271 695 342 742 sic
379 697 455 743 est
505 690 708 740 solitus:
759 686 923 753 ἠματα
961 686 1238 752 δ’ἑξηκοντα
1272 706 1394 751 μετα
1430 707 1616 755 τροπας
1652 687 1850 752 ἠελιοιο.
1926 689 2008 739 Sic
2053 692 2104 738 in
2153 692 2292 740 libris
2329 691 2519 755 Regum

267 765 503 829 legimus,
552 761 1086 812 Nabuchodonosorem
1123 763 1173 809 in
1212 763 1528 812 conversione
1568 764 1682 810 anni
1728 776 1975 810 reversum
2014 778 2119 812 esse
2170 765 2220 811 in
2258 763 2517 815 Judaeam.

267 839 332 887 Et
368 841 574 887 testatur
601 835 910 897 Censorinus,
947 834 1188 883 ludicrum
1214 833 1524 898 Olympicum
1561 833 1693 898 apud
1718 834 1974 885 Elidenses
2012 838 2287 885 institutum
2313 837 2377 887 ad
2405 840 2518 886 imi—

266 913 502 961 tationem
537 914 697 957 motus
731 907 875 970 Solis,
916 911 1095 971 quippe
1138 909 1191 969 1)
1220 922 1328 956 cum
1367 909 1511 956 annis
1535 912 1566 956 4
1595 909 1775 957 exactis
1816 922 1914 958 una
1952 908 2055 958 dies
2094 910 2346 960 accederet
2383 926 2520 960 sum-

269 999 378 1034 mae
433 982 619 1032 dierum
669 997 728 1032 ex
775 980 975 1030 modulo
1018 983 1120 1030 365
1162 980 1348 1029 dierum
1386 980 1645 1042 collectae,
1699 979 1903 1029 totidem
1954 984 2092 1031 annis
2145 985 2328 1032 exactis
2367 999 2518 1033 unum

269 1058 568 1108 celebratum
606 1060 679 1104 est
714 1054 969 1104 ludicrum.
1032 1053 1145 1102 Huc
1182 1053 1398 1103 alludere
1425 1053 1649 1102 videntur
1688 1059 1735 1102 et
1770 1055 1892 1102 ista:
1935 1057 1990 1113 2)
2030 1062 2220 1119 tempus
2249 1058 2378 1118 anni,
2420 1072 2517 1120 quo

266 1129 506 1180 ludicrum
544 1127 897 1189 celebrabatur,
939 1127 1070 1176 idem
1108 1127 1255 1176 fertur
1294 1142 1402 1176 cum
1442 1131 1658 1190 tempore
1697 1125 1892 1175 solstitii
1929 1131 2121 1177 aestivi.
2188 1130 2244 1191 3)
2282 1130 2399 1193 Ipsa
2435 1130 2517 1180 lu-

273 1203 389 1253 dicri
425 1203 606 1263 forma,
660 1215 828 1250 cursus
867 1215 1102 1263 equorum
1141 1199 1204 1250 ad
1241 1207 1448 1262 metam,
1500 1207 1554 1248 ut
1592 1199 1678 1248 Sol
1703 1194 1875 1257 ‚curri’t
1914 1201 1976 1249 ad
2014 1202 2262 1265 fastigium
2299 1218 2517 1254 summae

268 1276 553 1338 altitudinis,
591 1279 640 1324 et
677 1275 995 1324 circumactus
1035 1287 1258 1323 curruum
1298 1275 1426 1323 circa
1461 1278 1666 1336 metam,
1706 1278 1759 1321 ut
1797 1271 1883 1322 Sol
1922 1289 2112 1324 cursum
2154 1278 2417 1339 convertit,
2459 1292 2517 1327 ex

270 1349 562 1400 ascendente
599 1347 755 1396 factus
795 1346 1107 1397 descendens.

442 1422 525 1472 Sic
562 1428 726 1470 autem
762 1420 867 1470 fieri
904 1420 1058 1481 solet,
1097 1425 1152 1468 ut
1191 1418 1341 1469 semel
1389 1419 1664 1467 constitutis
1710 1417 1977 1483 disciplinis
2031 1422 2214 1483 posteri
2254 1423 2516 1472 oscitantes

270 1501 466 1547 utantur
504 1499 559 1543 ut
594 1494 847 1557 perfectis,
899 1507 1226 1555 successuque
1278 1491 1552 1540 seculorum
1593 1491 1795 1555 obrepat
1843 1494 2189 1556 principiorum
2227 1497 2516 1558 ignorantia.

267 1571 350 1620 Sic
386 1568 564 1619 accidit
600 1567 743 1616 nobis
781 1567 1050 1630 Europaeis
1088 1571 1200 1629 post
1238 1568 1462 1614 inventos
1502 1564 1664 1628 cyclos
1703 1565 1913 1626 lunareS,
1953 1568 2023 1614 sic
2048 1567 2212 1616 Persis
2249 1575 2362 1631 post
2399 1583 2519 1617 con-

269 1645 467 1693 stitutos
505 1640 779 1703 Tecuphos,
821 1642 891 1688 sic
915 1639 1122 1688 Judaeis
1158 1646 1271 1702 post
1308 1640 1561 1687 inventum
1600 1640 1812 1701 ipsorum
1854 1646 2149 1702 computum,
2191 1642 2260 1690 sic
2284 1641 2520 1691 Romanis

266 1722 380 1780 post
419 1713 771 1764 ordinationem
797 1712 1066 1773 Julianam,
1105 1718 1218 1775 post
1258 1712 1610 1761 correctionem.
1630 1711 1844 1774 Augusti
1883 1719 1930 1761 et
1969 1713 2122 1762 multo
2162 1716 2371 1764 maxime
2409 1720 2522 1778 post

266 1790 455 1839 Numae
495 1785 837 1836 Calendarinm
886 1787 1217 1835 constitutum.
1294 1783 1431 1832 Idem
1481 1786 1630 1847 igitur
1681 1792 1728 1833 et
1767 1784 1968 1834 Graecis
2019 1793 2131 1850 post
2170 1786 2520 1851 Olympiadum

269 1863 410 1911 initia
449 1859 685 1910 accidisse
726 1866 1105 1908 consentaneum
1132 1864 1219 1919 est,
1257 1863 1312 1906 ut
1335 1857 1642 1906 inhaerentes
1683 1860 1956 1906 constitutis
1985 1867 2033 1908 et
2058 1861 2268 1909 inventis
2301 1867 2520 1911 veterum
2612 1880 2613 1885 ¹
2643 1887 2646 1891 >

269 1935 329 1985 de
367 1936 481 1984 anni
516 1931 820 1996 longitudine
859 1948 889 1980 a
927 1931 1138 1980 solstitio
1178 1929 1241 1980 ad
1279 1929 1543 1979 solstitium
1580 1944 1804 1992 sequenS,
1844 1945 1933 1981 nec
1974 1934 2311 1983 continuantes
2351 1935 2520 1984 obser-

269 2010 544 2068 vationem,
595 2004 792 2054 tandem
843 2007 969 2054 circa
1004 2004 1219 2053 Metonis
1269 2009 1489 2066 tempora
1528 2005 1915 2067 computaverint
1958 2005 2219 2055 solstitium
2259 2006 2337 2056 die
2373 2007 2520 2072 longe

271 2073 599 2132 diversissimo
638 2094 668 2127 a
706 2079 916 2127 solstitio
956 2091 1087 2127 vero.

425 2151 552 2202 ‘Hoc
588 2153 736 2214 igitur
773 2150 965 2200 videtur
1002 2152 1151 2199 fuisse
1190 2154 1528 2213 argumentum
1552 2149 1772 2199 Thaletis
1799 2149 1970 2212 libelli,
2011 2166 2108 2214 quo
2137 2152 2417 2216 complexus
2446 2161 2522 2203 est

267 2246 354 2293 την
390 2223 489 2277 ἀπο
528 2243 707 2289 τροπης
743 2222 819 2274 ἐπι
855 2242 1035 2291 τροπην
1073 2228 1289 2288 παροδον
1314 2220 1530 2286 (Olymp.
1557 2237 1596 2271 c.
1623 2222 1700 2287 L).
1768 2223 1941 2286 Itaque
1967 2224 2136 2274 Meton
2177 2225 2520 2290 heliotropium
2613 2213 2640 2274 ses

268 2300 476 2350 collocat
511 2298 620 2348 loco
659 2298 857 2361 publico
898 2296 1205 2360 ostenditque
1245 2297 1322 2358 (ut
1360 2311 1448 2359 par
1487 2302 1560 2344 est
1585 2296 1737 2358 credi)
1777 2312 1944 2346 verum
1985 2303 2033 2346 et
2072 2299 2380 2348 observabile
2416 2300 2519 2349 sol·
2603 2318 2605 2322 ’

265 2375 453 2423 stitium
485 2372 590 2435 jam
629 2372 817 2435 aliquot
854 2369 1027 2421 diebus
1067 2375 1369 2419 antevertere
1407 2371 1623 2431 ipsorum
1662 2375 1941 2432 computum
1966 2385 2112 2434 super
2136 2372 2387 2421 modulum
2414 2372 2519 2422 die·
2599 2382 2604 2402 ·

265 2461 371 2496 rum
412 2447 554 2514 365}
592 2450 905 2495 exstructum.
984 2444 1087 2493 Nisi
1125 2444 1246 2491 forte
1296 2442 1627 2504 invigilaverit
1673 2443 2004 2492 observationi
2050 2445 2163 2494 huic
2218 2451 2406 2494 tantum
2456 2447 2519 2496 ob
2596 2485 2630 2506 „

265 2518 586 2578 novilunium,
627 2516 759 2581 quod
785 2522 889 2566 erat
915 2526 1064 2580 caput
1087 2531 1205 2565 suae
1231 2514 1419 2578 periodi
1446 2530 1681 2564 annorum
1710 2522 1791 2565 19.
1817 2514 2201 2582 (Anaximander
2227 2517 2305 2568 Ol.
2328 2518 2514 2569 LV111.
2594 2511 2599 2535 ¹
2622 2550 2625 2558 ·

269 2591 525 2655 horologia
562 2590 931 2640 Lacedaemone
971 2596 1018 2639 et
1055 2589 1349 2652 horoscopia
1389 2590 1651 2649 constituit,
1693 2590 1870 2652 quibus
1909 2591 2287 2653 aequinoctialia
2328 2597 2376 2642 et
2413 2598 2516 2640 tro·

265 2666 379 2728 pica
415 2670 598 2727 puncta
636 2669 772 2713 erant
810 2663 1082 2726 designata,
1122 2669 1245 2710 teste
1284 2661 1479 2710 Laertio
1519 2667 1567 2710 et
1605 2661 1792 2723 Plinio,
1842 2661 2008 2712 docuit
2048 2670 2095 2713 et
2130 2663 2383 2713 zodiacum
2423 2667 2514 2713 ob·
2607 2659 2631 2710 .’

265 2738 455 2801 liquum
506 2751 639 2797 esse,
687 2736 943 2799 sphaeram
992 2751 1039 2787 n.
1087 2737 1270 2797 primus
1323 2736 1615 2795 construxit,
1666 2741 1863 2784 auctore
1908 2735 2092 2798 Plinio,
2145 2740 2285 2801 signa
2337 2737 2511 2787 deinde

267 2810 568 2860 Cleostratus
605 2811 653 2856 in
691 2809 892 2858 zodiaco
930 2814 978 2858 et
1014 2809 1170 2871 prima
1211 2808 1271 2867 Υ
1318 2813 1366 2855 et
1414 2805 1487 2867 ,2,
1529 2805 1606 2855 Ol.
1644 2806 1811 2855 LXX.
1889 2808 1945 2855 In
2000 2810 2163 2858 bibliis
2201 2810 2336 2860 nulla
2373 2826 2511 2860 men·
2591 2795 2652 2870 f,

269 2885 337 2933 tio
377 2885 640 2947 signorum.
715 2881 840 2931 Nam
878 2883 927 2928 in
970 2881 1028 2941 Υ
1066 2879 1433 2928 constellatione
1473 2894 1579 2940 ver,
1632 2881 1681 2926 in
1731 2879 1782 2940 ,θ
1828 2889 2058 2943 protensa
2094 2883 2398 2946 longitudine
2422 2899 2512 2932 an·
2597 2899 2609 2925 ετ

264 2971 356 3006 nus
410 2959 514 3020 ipse
563 2956 843 3019 incipiebat.
919 2952 1276 3003 Subdividebat
1322 2967 1432 3001 eum
1482 2951 1625 3000 Plato
1675 2954 1723 2999 in
1773 2952 1977 3004 Timaeo
2031 2962 2079 3005 et
2124 2956 2284 3005 adhuc
2332 2958 2511 3006 Aratus
2591 2982 2631 3024 ..³

265 3032 316 3077 in
345 3036 372 3079 6
400 3035 580 3093 partes,
619 3034 674 3077 ut
709 3027 958 3091 quaelibet
995 3027 1176 3074 habeat
1217 3031 1246 3074 2
1287 3026 1443 3088 signa,
1485 3038 1543 3074 eo
1584 3025 1715 3087 quod
1754 3040 1849 3074 uno
1889 3028 2066 3077 intuitu
2103 3035 2291 3078 tantum
2317 3030 2511 3079 videre-

265 3109 342 3151 tur
381 3103 440 3152 de
479 3117 553 3152 eo.
622 3100 855 3150 Eudoxus
894 3098 1240 3149 subdividebat
1277 3098 1325 3144 in
1367 3102 1449 3157 60,
1489 3103 1537 3145 et
1574 3101 1643 3146 sic
1680 3100 1872 3161 signum
1912 3102 1960 3148 in
1991 3107 2036 3151 6.
2116 3101 2297 3152 Omnes
2336 3104 2511 3152 imma·
2573 3088 2635 3130 ‘⁸'

266 3177 449 3225 nebant
494 3177 664 3239 priscis
714 3174 1057 3223 traditionibus
1107 3171 1165 3220 de
1205 3170 1281 3219 die
1320 3170 1544 3229 solstitii,
1598 3186 1708 3220 mea
1759 3175 1999 3236 opinione,
2073 3175 2200 3224 Nam
2239 3175 2511 3226 Columella

265 3251 506 3299 rationem
542 3247 735 3296 Eudoxi
774 3253 822 3296 et
859 3245 1216 3318 Chaldaeorum
1253 3244 1370 3293 facit
1409 3241 1648 3307 eandem.)

438 3321 594 3383 Igitur
630 3320 900 3383 Hipparchi
937 3312 1162 3382 tempore·
1189 3316 1255 3374 (a.
1294 3316 1380 3365 Ch.
1425 3313 1544 3381 127)
1577 3316 1683 3378 jam
1721 3317 1823 3367 dies
1864 3323 1892 3368 8
1933 3319 2300 3383 interciderant,
2351 3322 2421 3369 ita
2458 3325 2510 3369 ut

269 3393 563 3444 Chaldaicus
601 3398 855 3456 computus
895 3392 1144 3442 exhiberet
1189 3389 1450 3439 solstitium
1491 3392 1520 3437 8
1563 3389 1732 3438 diebus
1769 3398 1882 3454 post
1930 3393 2258 3444 observatum.
2337 3395 2366 3442 8
2407 3394 2507 3442 dies

270 3468 322 3514 in
358 3466 557 3516 modulo
600 3468 715 3515 anni
753 3465 1057 3529 Alphonsino
1099 3469 1236 3513 1070
1277 3464 1415 3511 annis
1454 3463 1842 3526 accumulantur,
1884 3468 1968 3529 qui
2006 3468 2251 3528 attingunt
2290 3472 2508 3530 tempora

267 3539 513 3601 HerculiS,
563 3541 647 3602 qui
683 3540 865 3602 primus
903 3538 1046 3587 ludos
1086 3535 1368 3601 Olympicos
1405 3535 1608 3596 fecerat,
1650 3537 1752 3585 400
1794 3540 1931 3587 annis
1970 3545 2082 3588 ante
2119 3539 2509 3588 Nabonassarem
2599 3565 2621 3590 κ

270 3613 336 3674 (a.
378 3612 464 3660 Ch.
509 3612 688 3672 1261).
763 3612 928 3660 Thoth
966 3611 1198 3674 Aegyptii
1234 3608 1415 3658 mensis
1452 3609 1608 3670 prima
1645 3608 1747 3658 dies
1785 3610 2000 3660 habebat
2036 3614 2194 3675 ipsum
2232 3612 2508 3672 solstitium,

270 3699 330 3732 ex
367 3684 545 3734 tabulis
581 3686 759 3733 nostris
795 3690 922 3733 retro
962 3689 1321 3746 computatum,
1374 3681 1462 3729 sub
1504 3686 1723 3729 exortum
1763 3682 2041 3734 Caniculae.
2119 3683 2328 3733 Omnino
2365 3686 2508 3747 igitur

269 3757 528 3807 verisimile
568 3762 654 3819 est,
696 3758 821 3806 circa
858 3763 1078 3820 tempora
1101 3755 1329 3806 Herculis
1355 3760 1403 3802 et
1428 3752 1657 3802 Judicum
1695 3754 1889 3805 Israelis
1917 3756 2190 3806 Chaldaeos
2221 3759 2506 3807 observasse
2600 3807 2611 3822 ,,

270 3829 465 3876 solstitii
503 3829 631 3879 diem
669 3835 717 3879 et
755 3831 817 3879 ab
855 3829 941 3878 illo
980 3830 1253 3894 Aegyptios
1290 3828 1567 3889 auspicatos
1608 3841 1714 3876 esse
1752 3843 1893 3877 suum
1942 3844 2148 3892 annum,
2199 3831 2337 3893 cujus
2386 3829 2506 3877 haec

269 3900 541 3966 methoduS,
581 3908 635 3953 ut
672 3904 854 3955 exactis
892 3904 1032 3954 annis
1058 3908 1091 3953 4
1116 3901 1377 3952 solstitium
1416 3899 1736 3951 ascriberetur
1775 3901 1872 3952 diei
1899 3906 1948 3953 2.
1975 3903 2155 3966 Thoth,
2193 3904 2374 3955 exactis
2405 3906 2504 3953 120
2544 3955 2547 3958 Α
