2652 4088
1020 96 1104 144 III.
1132 96 1464 144 Astronomica.
2269 96 2380 153 257

894 251 1042 300 1622.
1104 252 1188 299 28.
1228 250 1574 297 Decembris.

278 348 374 399 Pro
413 346 783 400 abbreviatione
822 347 1019 398 tabulae
1059 362 1324 412 expansae,
1364 350 1406 398 si
1433 350 1742 398 construatur
1787 345 1851 395 ad
1889 347 2050 411 legem
2087 347 2379 412 hypothesis

104 419 371 485 EpitomeS.
446 422 768 486 Aequationis
805 427 1082 472 menstruae
1120 437 1210 472 seu
1245 422 1477 486 trianguli
1514 422 1636 471 socii
1674 419 1906 483 scrupula.
1946 427 2061 470 sunt
2102 425 2230 472 150:
2290 421 2379 471 de-

108 494 431 544 siderarentur
469 497 616 560 igitur
652 496 811 546 lineae
853 499 979 555 150,
1022 494 1107 544 sed
1146 510 1233 545 eae
1271 510 1370 544 non
1407 510 1494 558 per
1532 499 1685 544 totam
1723 489 2021 543 anomaliam
2060 500 2372 558 menstruam,

109 568 199 616 sed
238 574 427 617 tantum
466 571 514 617 in
554 569 799 619 anomalia
827 574 909 630 90,
940 574 1059 617 270.
1125 568 1251 618 Nam
1289 570 1358 618 ibi
1396 570 1438 617 si
1463 567 1583 617 fiant
1606 568 1768 617 lineae
1797 572 1881 630 30,
1923 567 2192 618 differentia
2216 567 2379 618 linea-

10 635 47 649 *
109 655 216 689 rum
252 641 307 690 fit
348 646 394 692 5.
471 643 538 690 At
577 657 686 691 cum
738 648 811 692 est
861 641 1109 691 anomalia
1157 647 1405 692 menstrua
1447 645 1530 703 56,
1577 646 1693 702 124,
1748 645 1868 702 304,
1922 646 2051 702 236,
2107 641 2380 692 differentia

29 710 45 762 2-
110 715 208 764 ista
243 714 299 763 fit
337 716 674 765 tantummodo
716 722 764 766 4.
838 715 935 766 Hic
971 715 1133 764 lineae
1179 721 1368 764 tantum
1412 719 1512 763 120
1555 714 1959 766 desiderarentur.
2036 714 2118 764 Sic
2155 717 2206 762 in
2249 730 2376 766 ano-

34 820 49 845 ,
103 786 263 836 ‘malia
305 793 370 838 39
408 787 678 838 differentia
724 795 803 838 est
839 794 894 849 3,
936 787 1322 838 desiderarentur
1357 787 1519 837 lineae
1558 793 1746 836 tantum
1776 793 1868 849 90,
1917 790 1965 835 in
2004 789 2252 838 anomalia
2287 793 2374 851 25,

110 866 301 909 tantum
341 866 426 923 60,
464 863 514 909 in
552 861 799 911 anomalia
843 867 924 923 18,
965 861 1063 911 diff.
1097 860 1177 929 13,
1219 875 1333 923 ergo
1371 861 1531 910 lineae
1569 866 1758 910 tantum
1787 865 1884 921 45,
1926 863 1974 908 in
2014 863 2260 911 anomalia
2289 867 2373 923 12,

1 921 5 995 ³,
38 943 46 963 ·'
118 933 217 982 diff.
262 938 306 994 1,
344 934 504 985 lineae
546 940 630 996 30,
670 936 721 982 in
761 934 1006 984 anomalia
1046 940 1094 996 8,
1135 934 1234 983 diff.
1277 934 1360 1003 Οξ,
1400 933 1560 983 lineae
1599 939 1788 983 tantum
1830 939 1921 995 20,
1961 936 2009 981 in
2049 935 2298 985 anomalia
2328 942 2375 997 6,

116 1006 214 1055 diff.
255 1006 303 1075 ᾗ,
342 1006 503 1058 lineae
546 1012 638 1069 15,
677 1009 728 1054 in
766 1008 1012 1057 anomalia
1052 1013 1098 1069 4,
1140 1007 1238 1056 diff.
1277 1007 1327 1076 Ἐξ,
1376 1006 1535 1056 lineae
1581 1012 1670 1067 10,
1720 1008 1768 1054 in
1809 1007 2057 1069 anomalia
2097 1014 2145 1069 2,
2186 1008 2284 1058 diff.
2324 1010 2378 1079 ὲ,

8 1115 38 1130 „
108 1079 268 1129 lineae
309 1084 339 1130 5
366 1086 458 1130 etc.
533 1079 649 1130 Jam
689 1081 852 1144 quoad
890 1083 1045 1145 primo
1085 1080 1246 1130 dictas.
1278 1079 1564 1141 anomaliae„
1604 1081 1694 1129 etsi
1735 1080 1798 1128 ab
1837 1081 2084 1129 anomalia
2123 1085 2186 1131 56
2215 1084 2267 1130 in
2297 1087 2388 1131 90.

110 1158 224 1203 sunt
264 1158 347 1212 34,
386 1158 437 1203 at
476 1167 571 1203 non
613 1168 735 1218 opus
775 1160 850 1204 est
887 1157 946 1203 iis
985 1153 1188 1203 totidem
1228 1153 1489 1214 columniS,
1531 1157 1753 1202 crescunt
1791 1154 1917 1201 enim
1955 1155 2004 1201 in
2037 1155 2250 1204 maximo
2282 1154 2376 1203 tri-

42 1230 45 1231 ’
110 1226 290 1290 angulo
328 1232 518 1276 tantum
556 1242 643 1291 per
683 1233 728 1277 6.
809 1227 990 1276 Contra
1026 1230 1076 1275 in
1115 1226 1286 1275 ultimo
1327 1226 1470 1276 dictis
1508 1241 1633 1274 unus
1672 1224 1852 1288 gradus
1891 1227 1941 1273 in
1978 1226 2143 1289 plures
2184 1228 2379 1278 colum-

95 1300 200 1349 nas
235 1315 289 1349 se
328 1300 519 1352 dividit.
592 1301 669 1349 Ita
710 1315 832 1364 opus
871 1301 1015 1351 fuerit
1055 1302 1201 1350 etiam
1231 1303 1332 1349 150
1375 1300 1628 1350 columnis,
1692 1298 1744 1348 Si
1783 1314 1868 1363 per
1906 1299 2187 1349 distantiam
2221 1302 2283 1364 Θ
2311 1303 2374 1352 ab

52 1371 58 1374 ’
113 1371 431 1441 εροςειεοῷ
458 1374 563 1424 fieri
612 1381 801 1439 posset,
853 1377 1178 1438 requireretur
1223 1373 1535 1436 triangularis
1589 1372 1784 1433 tabula,
1839 1378 1892 1421 ut
1931 1379 2004 1422 est
2042 1377 2377 1436 sexagenaria.

112 1446 307 1510 Inquire
347 1453 509 1513 partes
555 1449 742 1498 numeri
786 1452 911 1498 150:
964 1463 1052 1497 eae
1101 1452 1215 1495 sunt
1252 1446 1441 1496 tantum
1485 1451 1564 1507 10,
1617 1445 1802 1495 scilicet
1843 1451 1889 1507 1,
1933 1452 1979 1508 2,
2022 1452 2070 1506 3,
2114 1451 2160 1510 5,
2204 1453 2250 1510 6,
2294 1453 2375 1511 10,

116 1524 197 1581 15,
237 1524 321 1581 25,
362 1525 444 1582 50,
490 1525 573 1571 75.
647 1521 758 1571 Non
798 1527 873 1571 est
910 1521 1058 1585 igitur
1099 1519 1433 1582 commodum,
1487 1524 1542 1567 ut
1591 1533 1758 1582 margo
1813 1518 1995 1569 habeat
2042 1519 2198 1571 lineas
2242 1525 2375 1585 1503

110 1601 338 1658 praestat,
377 1594 489 1644 illas
528 1609 636 1645 esse
679 1601 797 1644 120.
873 1594 969 1644 Hic
1006 1601 1118 1644 sunt
1156 1600 1320 1659 partes
1360 1597 1447 1655 *15,
1488 1591 1677 1642 scilicet
1716 1594 1863 1642 istae:
1910 1598 1953 1656 1,
1999 1599 2045 1655 2,
2087 1596 2134 1655 3,
2172 1600 2218 1656 4,
2251 1599 2297 1657 5,
2329 1601 2375 1658 6,

16 1711 18 1723 ,
111 1671 159 1728 8,
202 1672 283 1728 10,
326 1672 407 1727 12,
452 1672 533 1731 15,
577 1673 660 1730 20,
701 1674 784 1730 24,
827 1673 910 1728 30,
952 1673 1036 1730 40,
1080 1673 1162 1717 60.
1240 1668 1408 1716 Toties
1447 1667 1595 1729 igitur
1646 1680 1908 1730 possumus
1957 1669 2147 1717 variare
2201 1683 2376 1718 nume-

14 1742 18 1806 j
110 1755 215 1789 rum
252 1740 505 1803 linearum,
545 1743 617 1791 uti
657 1741 949 1791 divisionem
986 1743 1037 1790 in
1069 1747 1187 1791 120.
1251 1741 1313 1789 Et
1352 1746 1467 1790 tunc
1493 1741 1732 1788 maximus
1772 1740 1928 1789 saltus
1967 1741 2147 1790 incedit
2174 1757 2260 1806 per
2290 1742 2375 1811 127

109 1815 297 1863 ratione
333 1814 454 1864 nudi
489 1815 718 1878 trianguli
756 1817 891 1865 socii.
968 1816 1032 1864 Et
1069 1815 1247 1880 poterit
1284 1828 1384 1863 una
1434 1815 1616 1878 pagina
1656 1828 1828 1877 capere
1876 1818 1951 1862 tot
1987 1814 2158 1865 lineas,
2233 1815 2376 1865 Toti-

111 1885 220 1937 dem
259 1902 375 1937 vero
414 1890 560 1939 etiam
597 1889 832 1939 faciemus
860 1888 1126 1950 columnas,
1168 1889 1316 1951 igitur
1346 1893 1410 1936 12
1451 1889 1500 1934 in
1542 1902 1640 1935 una
1679 1887 1803 1936 facie
1830 1889 2016 1951 positis,
2059 1893 2199 1938 erunt
2224 1889 2376 1940 facies

113 1965 197 2022 10,
236 1962 414 2024 quibus
452 1962 579 2013 adde
618 1961 741 2012 duas
779 1977 979 2012 aversas
1018 1965 1068 2011 in
1107 1962 1349 2025 tegmine,
1390 1961 1507 2010 fient
1550 1965 1630 2021 12,
1669 1959 1790 2009 folia
1832 1962 1878 2021 6,
1918 1962 2127 2025 paginae
2156 1967 2203 2012 3.
2267 1962 2373 2026 Igi-

112 2039 189 2083 tur
226 2036 276 2083 in
314 2035 439 2085 facie
479 2034 668 2086 decima
705 2041 844 2086 erunt
879 2036 1040 2085 lineae
1084 2038 1200 2096 120,
1241 2036 1291 2082 in
1329 2049 1461 2083 nona
1502 2039 1594 2095 60,
1635 2035 1684 2080 in
1724 2039 1901 2083 octava
1944 2040 2035 2097 60,
2077 2036 2126 2082 in
2166 2038 2374 2101 septima

20 2114 24 2182 ’ξ
111 2111 194 2169 30,
232 2109 280 2155 ἰη
319 2115 458 2159 sexta
497 2114 580 2171 30,
621 2111 671 2157 in
710 2112 882 2173 quinta
924 2113 1005 2171 15,
1047 2111 1095 2157 in
1135 2113 1309 2172 quarta
1349 2113 1432 2169 20,
1471 2109 1520 2155 in
1560 2108 1703 2156 tertia
1746 2111 1827 2167 10,
1868 2109 1915 2155 in
1954 2108 2171 2158 secunda
2203 2115 2283 2171 12,
2324 2111 2372 2158 in

25 2214 27 2242 ÷
107 2182 263 2246 prima
303 2187 332 2230 6
373 2197 459 2247 per
486 2187 516 2232 4
544 2183 795 2233 columnas
835 2188 883 2232 et
923 2189 951 2232 3
994 2197 1080 2247 per
1119 2182 1241 2232 alias
1271 2186 1302 2230 4
1331 2182 1598 2242 columnae,
1638 2186 1687 2229 et
1727 2180 1936 2243 denique
1968 2187 2014 2231 2.
2079 2182 2142 2233 Et
2179 2184 2374 2234 initiata

26 2256 28 2263 '
109 2257 268 2319 spatia
305 2257 571 2307 manebunt
610 2262 663 2306 ut
701 2257 960 2323 plurimum
999 2270 1173 2318 vacua,
1214 2254 1382 2306 finalia
1419 2254 1671 2306 confertim
1709 2253 1928 2319 impleta.

1009 2548 1091 2594 23.
1131 2548 1273 2595 NQV.
1313 2546 1454 2591 1621.

110 2622 180 2684 An
209 2639 387 2685 omnino
426 2652 508 2697 per
545 2639 782 2686 distantias
817 2644 867 2694 Θ
901 2642 958 2686 ab
999 2655 1200 2700 apogaeo
1232 2643 1390 2688 Lunae
1427 2640 1682 2686 indicentur
1716 2639 1832 2697 justi
1868 2639 1991 2686 tituli
2029 2640 2137 2688 add.
2181 2645 2227 2687 et
2256 2643 2372 2689 subt.

33 2705 35 2711 ⁴
899 2721 981 2764 pro
1014 2708 1284 2765 aequatione
1315 2706 1580 2752 menstrua?
2272 2708 2275 2714 ⁴

283 2798 336 2849 Si
375 2787 607 2850 distantia
639 2800 700 2863 Θ
728 2800 791 2849 ab
830 2814 1051 2865 apogaeo
1078 2797 1147 2867 Q
1175 2806 1249 2849 est
1288 2805 1407 2860 270,
1450 2804 1496 2861 Ο,
1540 2803 1622 2860 90,
1664 2802 1778 2847 tunc
1808 2798 1869 2861 Θ
1900 2799 2024 2861 gerit
2062 2799 2218 2848 vicem
2248 2813 2372 2863 apo-

114 2873 223 2935 gaei
261 2875 517 2936 menstrui,
570 2879 618 2923 et
656 2874 798 2923 Luna
837 2889 1057 2924 crescens
1094 2874 1244 2923 habet
1292 2874 1638 2936 aequationem
1690 2872 1848 2932 subn,
1901 2872 2183 2921 decrescens
2223 2872 2370 2921 adda

112 2957 227 3007 ergo
265 2944 523 2996 distantiae
575 2946 772 3011 quidem
804 2947 865 3011 Θ
893 2948 956 2996 ab
996 2961 1218 3012 apogaeo
1257 2943 1353 3013 Ξ,
1394 2946 1480 2995 sed
1520 2960 1617 2995 non
1657 2946 1759 2994 sine
1800 2944 1956 2994 titulis
1995 2947 2253 2995 crescentis
2291 2946 2372 2995 vel

28 3064 29 3080 ζ
111 3014 431 3070 decrescentis
457 3016 556 3086 Q,
603 3020 818 3071 indicant
868 3021 959 3070 hos
1006 3021 1191 3070 titulos.
1256 3021 1330 3069 'Et
1369 3019 1462 3069 hoc
1499 3020 1548 3066 in
1588 3021 1728 3068 annis
1768 3019 2100 3083 superioribus
2146 3018 2237 3067 suit
2275 3019 2367 3069 ob·

111 3097 372 3144 servatum.

31 3201 33 3222 2
282 3165 351 3214 At
389 3180 517 3216 nunc
555 3172 771 3216 correcta
807 3165 1094 3230 hypothesi,
1144 3180 1253 3215 curn
1293 3165 1495 3215 accedat
1535 3164 1773 3228 particula
1812 3178 2004 3225 exsors,
2046 3178 2172 3227 quae
2212 3165 2370 3213 variat

31 3242 33 3248 ’
112 3234 164 3284 in
198 3236 343 3287 titulo
382 3239 444 3288 ab
484 3241 778 3303 aequatione
815 3244 1087 3300 menstrua,
1127 3237 1372 3301 simulque
1411 3237 1644 3288 utendum
1671 3239 1733 3286 sit
1760 3237 1902 3286 titulo
1932 3239 2204 3301 argumenti
2229 3252 2370 3287 men-

111 3311 231 3358 strui
275 3310 382 3360 loco
420 3312 552 3363 tituli
593 3313 701 3362 dist.
731 3309 801 3380 ᾧ
829 3327 859 3362 a
893 3313 972 3375 Θ,
1013 3315 1130 3376 quia
1168 3311 1349 3375 duplici
1376 3313 1571 3362 nomine
1612 3310 1837 3361 differunt
1875 3309 1972 3360 duo
1998 3312 2109 3373 ista,
2152 3316 2368 3375 praestat

35 3388 37 3410 ³
114 3379 262 3431 aliam
299 3384 419 3434 inire
457 3386 693 3436 rationem
732 3385 983 3435 titulorum
1021 3386 1140 3435 add.
1180 3385 1306 3434 subt.

286 3455 501 3507 Primum
536 3460 628 3508 toti
665 3458 953 3509 semicirculi
992 3459 1251 3509 crescentis
1290 3457 1371 3507 vel
1410 3456 1729 3507 decrescentis
1767 3455 1951 3506 habent
1988 3457 2036 3503 in
2076 3458 2368 3520 aequatione

35 3523 41 3579 ἶ
114 3525 308 3577 titulum
347 3530 578 3592 eundem,
628 3532 677 3580 in
717 3537 906 3582 exsortc
946 3535 1094 3583 etiarn
1133 3529 1354 3581 eundem.
1431 3527 1529 3580 Sed
1567 3543 1744 3593 magno
1783 3542 1891 3578 cum
1942 3528 2217 3580 discrimine
2255 3536 2368 3580 sunt

40 3616 41 3622 ¹
115 3601 384 3666 accipiendi
421 3601 473 3652 hi
511 3602 654 3653 tituli.
730 3604 855 3655 Nam
896 3605 1064 3656 titulus
1104 3604 1412 3668 aequationis
1459 3608 1647 3667 spectat
1693 3602 1852 3651 locum
1892 3600 2048 3665 Solis,
2099 3609 2151 3653 at
2198 3604 2368 3654 titulus

38 3666 55 3718 ⁶,
115 3676 323 3724 exsortia
360 3682 549 3740 spectat
587 3680 943 3740 aequationem,
986 3686 1034 3729 et
1070 3679 1163 3727 hoc
1202 3679 1251 3725 in
1290 3676 1449 3726 rotula
1488 3677 1577 3724 suit
1618 3676 1945 3726 observatum.

289 3748 418 3812 Ergo
458 3750 576 3812 quia
609 3750 832 3799 scribitur
869 3759 1204 3816 argumentum
1244 3752 1293 3796 in
1331 3749 1548 3811 margine
1611 3747 1758 3811 idque
1805 3763 1890 3813 per
1935 3754 2195 3816 praecepta
2241 3751 2366 3801 bene

42 3841 47 3901 ς
115 3816 388 3883 formatum,
428 3827 543 3871 tunc
574 3821 680 3885 jam
717 3821 1014 3876 descendens
1052 3821 1381 3875 semicirculus
1420 3837 1450 3872 a
1489 3827 1518 3869 0
1558 3820 1622 3871 ad
1664 3826 1762 3872 180
1803 3822 1951 3873 habet
1989 3823 2039 3873 in
2074 3826 2366 3889 aequatione
2432 3832 2433 3835 ’

200 3905 360 3949 xeplert
382 3905 508 3949 Opera
523 3906 628 3945 Vm.
1959 3908 2017 3953 17
