2652 4088
1048 167 1084 213 1.
1116 163 1446 214 Mathematica.
2270 151 2376 217 255

127 314 235 366 Lib.
274 315 337 365 V.
376 315 496 369 Met.
536 330 577 367 c.
625 319 710 368 25.
761 317 810 366 in
847 331 938 367 sua
976 317 1251 380 significata
1301 315 1625 379 distinguitur.
1699 314 1762 363 Et
1799 315 2040 375 quatenus
2082 305 2277 372 quidem
2317 322 2377 359 ex

33 394 45 398 “
132 395 332 453 quanto,
373 396 426 439 ut
455 389 578 451 dixi,
617 389 834 451 resultat,
873 405 959 454 per
985 389 1036 438 id
1063 392 1210 440 etiam
1237 389 1475 451 definitur,
1515 403 1582 440 sc.
1609 387 1681 449 id,
1721 388 1769 435 in
1797 385 1928 450 quod
1956 388 2188 447 quantum
2217 381 2377 444 quod-

127 476 317 525 cunque
355 462 617 525 dividitur3
655 478 844 526 semper
893 465 1020 513 enim
1060 463 1191 527 quod
1231 479 1261 512 a
1299 468 1509 527 quant0,
1562 467 1802 525 quatenus
1842 463 2102 522 quantum,
2142 455 2372 517 aufertur,

128 549 240 598 pars
280 535 468 584 dicitur.
546 537 634 585 Est
670 544 834 586 autem
872 535 1006 586 aliud
1045 539 1290 597 terminuS,
1331 535 1463 585 aliud
1489 550 1615 598 pars,
1657 539 1704 583 et
1739 547 1838 582 non
1875 536 1988 580 sunt
2023 529 2146 578 haec
2171 529 2377 578 confun-

128 606 312 657 denda:
362 608 519 658 lineae
569 615 732 672 partes
783 617 897 658 sunt
945 608 1129 671 lineae,
1183 611 1374 660 termini
1424 623 1538 659 vero
1589 612 1784 671 puncta.
1860 605 1923 654 Et
1959 604 2163 652 termino
2203 601 2378 651 dicitur

130 680 318 743 aliquid
358 681 639 742 definitum,
678 684 1012 742 terminatum,
1053 678 1315 746 ὁρισμενον,
1355 687 1551 745 propter
1587 687 1751 745 partes
1788 693 1904 727 vero
1943 691 2062 735 non,
2101 674 2182 724 vel
2221 680 2376 724 totum

128 753 206 801 vel
255 768 413 802 omne.
503 753 630 815 Quid
677 762 839 804 autem
886 762 1064 816 totum,
1132 755 1249 819 quid
1298 770 1460 815 omne,
1514 754 1637 803 libro
1677 754 1739 804 V.
1778 752 1897 800 Met.
1938 765 1979 799 c.
2021 754 2105 799 26.
2153 748 2374 798 habetur.

126 826 251 875 Nam
288 826 528 875 interdum
567 827 618 875 id
660 841 800 876 omne
840 828 1027 890 dicitur,
1068 831 1144 877 cui
1183 828 1318 877 nulla
1356 842 1551 877 suarum
1591 828 1800 890 partium
1841 824 1991 883 deest,
2031 826 2227 884 propter
2254 835 2376 882 quas

11 942 12 946 ,
124 899 300 948 natura
348 899 532 961 aliquid
572 906 725 948 totum
764 901 962 963 dicitur3
1012 916 1136 964 quae
1189 901 1383 965 quidem
1431 900 1720 963 significatio
1773 898 1922 961 paulo
1968 897 2196 943 remotior
2235 900 2308 942 est
2347 909 2377 944 a

10 959 34 1014 l*
125 974 368 1034 praesenti
421 972 806 1022 consideratione
846 981 893 1024 et
933 974 1183 1024 referenda
1221 976 1270 1022 in
1309 974 1560 1036 qualitatis
1613 976 1835 1035 quartam
1887 970 2114 1032 speciem.
2192 966 2288 1015 Sed
2327 968 2375 1014 in

125 1050 414 1107 quantorum
453 1059 630 1106 genere
669 1051 823 1095 totum
864 1053 938 1096 est
978 1053 1025 1096 et
1049 1047 1223 1096 dicitur
1248 1061 1387 1096 omne
1415 1048 1694 1095 continuum
1735 1050 1783 1094 et
1819 1043 2021 1100 finitum,
2061 1042 2101 1088 si
2132 1044 2205 1088 est
2227 1053 2375 1087 unum

127 1117 244 1180 quid
283 1132 342 1166 ex
380 1118 547 1166 multis
586 1125 840 1179 constanS,
899 1134 1024 1183 quae
1076 1120 1229 1169 multa
1277 1121 1497 1183 potentia
1547 1121 1710 1167 insunt
1749 1119 1795 1164 in
1837 1130 1895 1165 eo
1935 1113 2014 1164 vel
2062 1115 2206 1162 etiam
2246 1118 2375 1163 actu.

52 1208 68 1217 “
122 1189 249 1239 Nam
287 1191 505 1240 totalitas
544 1197 618 1241 est
656 1192 897 1254 quaedam
923 1195 1102 1242 unitas·
1152 1193 1267 1243 Jam
1291 1195 1439 1256 igitur
1465 1199 1715 1255 quantum,
1757 1189 1888 1253 quod
1924 1188 2177 1251 principio,
2216 1184 2376 1233 medio

123 1269 172 1312 et
207 1263 301 1313 fine
340 1265 738 1326 comprehensum
767 1272 855 1326 est,
894 1266 938 1317 h.
969 1281 1010 1314 e.
1051 1267 1183 1328 quod
1219 1266 1408 1315 finitum
1449 1272 1535 1326 est,
1575 1268 1617 1314 si
1654 1267 1775 1313 situs
1815 1276 1981 1312 eorum
2020 1259 2202 1308 nullam
2229 1258 2377 1307 faciat

122 1335 463 1397 differentiam,
517 1352 658 1388 omne
698 1338 898 1399 dicitur,
951 1340 1025 1387 sin
1064 1339 1205 1399 facit,
1245 1345 1403 1389 totum
1440 1338 1730 1402 appellatur.
1807 1334 2046 1397 Quamvis
2086 1347 2180 1381 vox
2217 1332 2374 1380 latina

126 1410 347 1470 „totum“
403 1411 550 1459 etiam
600 1426 659 1460 ex
706 1418 843 1474 parte
891 1412 1186 1474 respondeat
1237 1427 1442 1474 graecae
1492 1414 1603 1460 voci
1640 1430 1757 1468 ποις,
1811 1415 1860 1458 et
1901 1402 2108 1469 „omne“
2150 1424 2217 1467 τῳ
2256 1400 2371 1467 ὅλῳ.

120 1481 244 1531 Nam
284 1483 414 1545 quod
444 1482 617 1533 Graeci
647 1484 815 1533 dicunt
840 1504 934 1542 πας
959 1483 1184 1550 ἀριθμος,
1225 1482 1343 1536 ὅλον
1366 1489 1582 1549 μεγεθος,
1622 1484 1671 1532 id
1698 1483 1848 1533 latine
1878 1482 2024 1532 etiam
2059 1480 2130 1528 sic
2155 1478 2375 1529 effertur:

121 1561 252 1605 totus
290 1555 371 1606 hic
407 1569 650 1620 numeruS,
692 1559 920 1608 universa
958 1558 1039 1608 vel
1076 1560 1233 1608 omnis
1270 1558 1392 1608 haec
1430 1556 1734 1622 magnitudo,

1099 1710 1289 1783 Caput
1335 1706 1393 1768 8.

883 1825 968 1871 De
1004 1825 1239 1873 unitate
1277 1825 1336 1870 et
1371 1824 1611 1870 Puncto.

291 1918 409 1970 Jam
445 1921 591 1971 modo
641 1921 848 1985 dictum,
899 1922 1031 1986 quod
1087 1937 1228 1973 omne
1274 1927 1431 1971 totum
1481 1936 1538 1971 eo
1590 1923 1698 1986 ipso
1737 1918 1869 1986 quod
1907 1923 2064 1968 totum
2111 1919 2175 1965 sit
2223 1930 2374 1966 unum

24 2054 26 2066 y
123 1991 386 2056 quoddam.
450 1995 511 2043 Et
548 2010 695 2059 supra
732 1994 858 2063 (cap.
902 1994 970 2062 6.)
1010 1996 1191 2046 dictum
1233 2002 1324 2061 est,
1362 1997 1598 2045 unitatem
1638 2010 1744 2045 esse
1781 1995 2032 2042 minimum
2071 1992 2119 2038 in
2157 2003 2374 2039 numero.

24 2101 25 2108 η
119 2066 335 2130 Tempus
372 2069 537 2130 itaque
577 2076 665 2129 est,
707 2077 761 2118 ut
799 2070 858 2120 de
897 2085 1003 2118 uno
1043 2071 1190 2119 etiam
1228 2069 1416 2131 aliquid
1455 2068 1690 2117 dicamus.
1764 2068 1854 2116 Est
1890 2072 2052 2115 autem
2086 2064 2209 2112 haec
2248 2076 2375 2125 quo-

25 2147 27 2152 ’
121 2154 216 2203 que
269 2154 363 2188 vox
402 2154 500 2190 una
538 2156 598 2190 ex
643 2142 1125 2193 transscendentibus
1163 2152 1211 2192 et
1250 2144 1545 2191 convertitur
1585 2156 1694 2190 cum
1731 2148 1864 2202 ente,
1917 2141 2083 2201 itaque
2130 2150 2287 2199 aeque
2326 2137 2376 2184 in

126 2213 349 2261 omnibus
388 2214 792 2276 praedicamentis
835 2222 907 2264 est
947 2223 995 2264 et
1031 2230 1127 2264 non
1167 2217 1213 2263 in
1255 2229 1352 2265 uno
1392 2215 1558 2278 aliquo
1598 2214 1708 2278 (IV.
1747 2214 1867 2263 Met.
1908 2227 1948 2262 c.
1991 2209 2057 2278 2).
2133 2210 2289 2273 Igitur
2326 2210 2376 2256 in

27 2284 30 2351 ξ
119 2300 295 2349 genere
334 2301 484 2336 unum
524 2287 750 2337 definitur
787 2289 871 2338 lib.
912 2288 972 2337 V.
1013 2288 1132 2338 Met.
1174 2303 1212 2338 c.
1245 2294 1307 2349 6.,
1348 2287 1482 2351 quod
1519 2302 1615 2337 non
1654 2293 1816 2351 potest
1854 2285 2004 2334 dividi
2045 2298 2102 2334 eo
2144 2284 2251 2346 ipso
2292 2296 2372 2330 re-

28 2355 30 2372 ‘
121 2366 319 2423 spectu,
373 2374 471 2423 quo
509 2376 674 2410 unum
715 2362 902 2411 dicitur.
977 2362 1040 2410 Et
1077 2362 1199 2411 haec
1235 2361 1527 2424 significatio
1567 2363 1703 2411 vocis
1741 2354 1877 2410 unus
1915 2366 1988 2409 est
2035 2359 2082 2405 in
2120 2354 2375 2420 praedica-

29 2417 83 2459 ’Ψ
119 2439 282 2481 mento
322 2435 625 2495 quantitatis.
695 2434 757 2485 Ut
793 2437 841 2483 in
883 2437 1111 2484 continua
1139 2437 1411 2498 quantitate
1446 2434 1578 2484 linea
1614 2434 1915 2498 simpliciter,
1952 2437 2191 2495 quatenus
2229 2428 2373 2489 linea,

38 2540 40 2542 -
120 2519 217 2554 non
257 2505 429 2555 dicitur
467 2522 578 2567 una,
621 2508 706 2557 sed
746 2515 820 2557 est
850 2511 928 2571 (ut
955 2510 1110 2558 omnis
1138 2503 1446 2576 magnitudo)
1485 2508 1844 2572 quodammodo
1883 2507 2035 2555 multa
2053 2506 2112 2566 ,in
2138 2503 2372 2567 potentia,

32 2574 33 2578 ’
119 2578 207 2628 sed
245 2586 488 2642 quatenus
527 2581 718 2643 pedalis
756 2588 842 2630 aut
880 2588 1122 2645 quatenus
1162 2589 1343 2631 certam
1379 2582 1530 2631 habet
1567 2584 1803 2631 rationem
1842 2580 1905 2628 ad
1943 2579 2118 2638 aliam,
2158 2591 2256 2625 una
2295 2574 2373 2623 di-

32 2677 33 2683 =
122 2654 269 2711 citur,
323 2654 438 2715 qnia
489 2653 641 2703 dividi
691 2668 787 2703 non
834 2661 1010 2718 potest.
1087 2655 1140 2704 Si
1180 2657 1305 2705 enim
1353 2654 1675 2712 divideretur,
1724 2669 1819 2704 non
1853 2654 1956 2716 jam
1997 2650 2205 2715 amplius
2246 2655 2375 2699 esset

120 2724 323 2788 pedalis,
364 2740 521 2789 neque
557 2727 662 2789 jam
700 2728 872 2777 eadem
911 2735 1132 2778 maneret
1169 2729 1274 2791 ejus
1312 2731 1436 2777 ratio
1476 2728 1538 2777 ad
1578 2728 1722 2777 aliam
1764 2733 1958 2776 certam.
2025 2723 2169 2788 Quod
2207 2730 2373 2772 autem

119 2813 285 2846 unum
324 2800 428 2847 sive
466 2802 639 2848 unitas
678 2801 991 2850 indivisibilis
1029 2803 1107 2863 sit,
1146 2802 1312 2850 multis
1351 2802 1470 2850 locis
1511 2802 1799 2850 Aristoteles
1838 2802 2012 2863 repetit
2050 2797 2159 2864 (III.
2185 2796 2272 2844 Ph.
2308 2802 2372 2857 7.,

120 2869 190 2921 X.
230 2870 349 2919 Met.
383 2877 452 2932 1.,
493 2872 555 2924 V.
583 2873 704 2922 Met.
743 2872 826 2939 6.),
869 2875 1091 2937 adeoque
1131 2877 1331 2924 unitatis
1371 2876 1633 2924 essentiam
1674 2889 1779 2923 esse
1819 2872 2056 2922 individui
2095 2871 2371 2929 essentiam,

121 2950 169 2992 et
202 2958 350 2991 unum
389 2948 573 3008 quanti,
615 2954 857 3009 quatenus
885 2955 1133 3011 quantum,
1176 2948 1456 3011 simpliciter
1481 2948 1779 2997 indivisibile
1819 2951 1866 2995 et
1904 2947 2007 2994 sine
2046 2945 2223 3007 positu,
2266 2956 2371 2991 esse

120 3019 388 3079 unitatem,
428 3024 480 3067 at
519 3033 625 3067 cum
667 3024 845 3083 positu,
886 3035 991 3069 esse
1028 3027 1296 3083 punctum.
2003 3043 2006 3046 ’

289 3090 361 3138 Ex
401 3105 499 3153 qua
546 3094 747 3142 unitatis
799 3093 1075 3143 definitione
1124 3094 1384 3143 solvuntur
1430 3094 1618 3157 aliquot
1670 3093 1998 3155 quaestiones.
2073 3088 2267 3150 Prima,
2307 3102 2370 3135 an

116 3162 275 3211 unitas
314 3164 379 3211 sit
415 3165 682 3214 numerus?
747 3165 870 3215 Nam
911 3167 972 3216 V.
1014 3167 1103 3215 Ph.
1145 3173 1193 3218 3.
1236 3174 1283 3216 et
1323 3169 1371 3215 in
1412 3166 1581 3229 Categ.
1623 3165 1814 3215 videtur
1853 3161 2141 3212 Aristoteles
2188 3162 2237 3208 in
2277 3174 2370 3209 nu-

115 3248 272 3283 meros
309 3235 485 3285 referre
535 3241 786 3288 unitatem.
870 3239 935 3289 To
977 3238 1151 3303 ὲφεξης
1203 3242 1332 3289 enirn
1371 3242 1474 3288 sive
1517 3239 1696 3288 ordinis
1737 3235 2131 3299 consequentiam
2171 3239 2218 3283 et
2256 3248 2370 3283 suc-

116 3307 386 3358 cedentiam
424 3315 572 3372 atque
612 3314 784 3360 seriem
824 3315 1035 3361 numeris
1074 3314 1370 3374 attribuens,
1420 3327 1506 3375 pro
1546 3311 1768 3374 exemplo
1807 3310 1944 3358 affert
1981 3323 2128 3357 unum
2169 3312 2216 3354 et
2255 3307 2368 3369 du0,

44 3390 58 3429 ·.
115 3386 163 3430 et
201 3380 287 3429 IV.
328 3380 419 3431 Ph.
464 3388 543 3431 12.
583 3399 891 3433 numerorum
930 3393 1115 3445 autem,
1169 3388 1350 3448 inquit,
1403 3387 1750 3433 minimus-est
1796 3384 1957 3431 unitas
2004 3387 2090 3429 aut
2139 3378 2366 3431 dualitaS.

44 3433 92 3521 ἢ
115 3451 258 3502 Esset
295 3454 443 3514 igitur
480 3458 640 3505 unitas
678 3472 921 3506 numerus.
998 3458 1365 3521 Respondetur‚
1405 3459 1670 3516 unitatem,
1709 3457 1751 3503 si
1789 3457 1953 3504 stricte
1992 3467 2223 3516 agamus,
2270 3469 2368 3503 non

44 3528 220 3606 ‘presse
258 3540 533 3587 numerum,
586 3530 992 3591 quemadmodum
1042 3533 1144 3593 ipse
1183 3529 1504 3593 philosophus
1545 3529 1657 3589 (IV.
1696 3528 1814 3577 Met.
1857 3542 1894 3577 c.
1938 3527 2011 3588 2.)
2064 3528 2296 3575 unitatem
2337 3542 2368 3577 a

49 3592 312 3647 ³·numero
365 3601 619 3649 manifeste
677 3601 930 3666 distinguit
968 3610 1014 3653 et
1055 3603 1173 3651 alibi
1213 3604 1425 3650 omnium
1466 3602 1860 3650 contrarietatum
1899 3601 2103 3662 primam
2152 3600 2221 3648 ait
2260 3614 2366 3649 esse

118 3684 268 3720 unum
309 3677 355 3719 et
393 3671 598 3720 multum
638 3674 722 3736 (V.
763 3674 882 3725 Met.
914 3674 998 3741 2.).
1076 3675 1197 3723 Cum
1236 3676 1401 3736 itaque
1454 3687 1680 3723 numerus
1727 3674 1791 3722 sit
1828 3675 2017 3736 πληθος
2054 3674 2159 3722 sive
2196 3673 2366 3722 multi-

115 3743 233 3792 tudo
274 3745 514 3793 unitatum
553 3745 646 3807 (X.
674 3745 790 3799 Met.
825 3749 894 3809 1.)
932 3750 1037 3798 sive
1078 3748 1231 3795 multa
1269 3746 1629 3809 quodammodo
1668 3761 1765 3795 una
1803 3745 1919 3809 (111.
1947 3745 2037 3794 Ph.
2066 3742 2157 3809 7.)‚
2204 3748 2366 3795 unitas

116 3830 230 3866 vero
271 3823 545 3881 opponatur
582 3818 895 3882 multitudini,
933 3828 987 3870 ut
1026 3819 1271 3869 divisibile
1310 3826 1358 3868 et
1396 3819 1691 3869 indivisibile
1719 3819 1810 3881 (X.
1839 3818 1957 3868 Met.
2000 3820 2102 3881 3.)‚
2141 3832 2238 3868 non
2277 3821 2365 3869 erit

115 3887 280 3954 itaque
320 3892 480 3942 unitas
513 3893 636 3942 inter
660 3906 901 3944 numeros.
949 3894 1073 3945 Item
1112 3894 1265 3943 omnis
1303 3906 1533 3944 numerus
1571 3892 1722 3945 dividi
1760 3897 1936 3961 potest,
1976 3894 2137 3944 unitas
2175 3898 2249 3942 est
2287 3894 2363 3942 in-
