2652 4088
317 193 425 252 286
907 189 1192 237 Collectanea.
1222 201 1280 235 ex
1308 189 1539 236 codicibus
1567 187 1960 237 Pulkoviensibus.

319 341 630 402 descripsisse
665 338 927 402 parallelos
965 352 1112 402 quam
1148 336 1323 400 hodie3
1373 342 1425 386 at
1462 337 1521 387 de
1559 339 1714 388 stellis
1751 341 1807 399 E,
1847 340 1888 387 F
1924 339 2163 388 incertum
2208 338 2305 388 hoc
2340 353 2427 403 per
2461 342 2559 390 ista

317 413 510 476 quidem
548 410 807 474 hactenu5,
860 414 976 475 quia
1014 410 1233 474 Scaliger
1278 410 1515 459 arbitratu
1563 426 1652 461 suo
1693 411 1735 473 Q
1775 412 1993 474 depinxit
2030 413 2155 460 inter
2199 411 2396 473 stellaS,
2449 427 2559 462 cum
2627 437 2630 443 ·

315 501 414 534 una
453 485 686 533 distantia
724 485 786 533 ab
824 498 921 532 uno
961 489 1142 546 puncto
1170 482 1216 531 G
1249 497 1347 531 non
1387 483 1587 533 definiat
1622 484 1784 533 locum
1821 485 1976 547 ipsius
2003 482 2061 545 Q,
2101 490 2291 547 oportet
2327 499 2388 534 ex
2424 486 2560 548 ejus-

315 558 423 607 dem
461 556 732 620 Hipparchi
769 562 928 606 mente
968 556 1091 605 duas
1119 556 1398 619 depromere
1437 556 1560 606 tales
1587 557 1842 606 distantias
1869 572 1901 605 a.
1926 556 2117 605 duabus
2144 556 2315 606 stellis.
2374 555 2561 619 Quodsi

314 631 623 680 consulamus
660 635 850 693 praeter
897 632 994 678 ista
1027 628 1298 693 Hipparchi
1346 630 1498 681 verba
1535 645 1595 679 ex
1642 629 1942 693 geographia
1978 629 2250 679 Ptolemaei
2300 631 2559 693 verbisque
2640 640 2642 642 ·

313 703 492 753 Marini
532 701 743 752 adducta
769 705 916 752 etiam
943 701 1149 751 alterum
1174 702 1350 763 locum,
1391 716 1534 765 quem
1561 717 1621 751 ex
1648 705 1754 765 ipso
1782 702 2064 766 Hipparcho
2091 702 2310 766 Scaliger
2339 702 2558 765 adduxit,
2641 711 2643 713 ’

311 776 454 840 polus
494 782 620 825 certe
657 775 789 824 illius
828 777 1059 838 temporis
1097 790 1409 838 nequaquam
1446 775 1537 824 fuit
1561 777 1611 822 in
1639 776 1820 824 vicinia
1843 777 1998 838 ipsius
2025 776 2080 836 E,
2121 775 2282 824 sedin
2318 776 2405 824 tali
2431 775 2558 837 loco,
2635 823 2640 834 ,

313 851 396 912 qui
435 863 543 898 cum
581 850 641 908 A,
682 849 738 909 E,
779 846 825 897 G
874 849 1097 912 pro-xime
1138 848 1351 897 faciebat
1398 854 1718 911 tetragonum.
1794 848 1963 912 Longe
2009 850 2158 912 igitur
2196 864 2256 899 ex
2291 848 2559 913 Hipparchi

311 923 555 972 sententia
592 921 918 970 removendus
957 927 1030 971 est
1067 921 1210 984 polus
1250 920 1291 983 Q
1331 936 1361 970 a
1398 920 1543 986 stella
1579 921 1635 971 Ε.

490 994 719 1043 Absurdo
745 994 865 1058 Vfli)
918 993 1130 1042 Rursum
1154 994 1247 1043 hoc
1271 993 1394 1041 nihil
1418 993 1569 1043 habet
1594 992 1808 1054 absurdi,
1847 995 1890 1042 si
1926 993 2070 1057 polus
2108 996 2336 1044 transivit
2360 993 2419 1044 de
2453 994 2560 1044 loco

313 1068 361 1115 in
399 1066 562 1116 locum
601 1068 691 1116 sub
731 1066 841 1114 fixis
879 1072 928 1116 et
967 1057 1165 1129 quidem
1203 1069 1252 1114 in
1290 1068 1471 1116 vicinia
1508 1064 1664 1116 Ursae
1702 1068 1922 1128 minoris,
1972 1067 2140 1116 stellas
2180 1067 2309 1116 illius
2349 1067 2561 1118 constel-

309 1141 506 1190 lationis
545 1140 920 1189 australissimas
958 1139 1103 1189 hodie
1140 1140 1295 1190 factas
1334 1139 1710 1189 borealissimas
1773 1139 1941 1203 Atqui,
1982 1142 2051 1189 ait
2089 1140 2317 1205 Scaliger,
2357 1141 2450 1190 hoc
2487 1147 2561 1190 est
2627 1196 2630 1199 ,

313 1219 481 1263 contra
518 1213 826 1278 hypothesin.
892 1213 1018 1262 Nam
1058 1228 1184 1276 quae
1224 1219 1296 1263 est
1334 1213 1686 1275 borealissima,
1728 1227 1875 1276 quam
1910 1207 2222 1276 Hipparchus
2260 1213 2560 1262 australissi-

310 1302 455 1349 mam,
495 1286 581 1336 illa
619 1293 691 1335 est
729 1301 843 1336 vere
881 1286 1233 1337 borealissima.
1297 1285 1447 1348 Illud,
1490 1288 1710 1349 inquam,
1753 1292 1855 1335 erat
1891 1292 2109 1349 tempore
2146 1286 2430 1350 Hipparchi,
2468 1287 2561 1336 hoc
2628 1300 2631 1325 ³

313 1367 387 1410 est
423 1361 587 1410 hodie.
667 1360 797 1422 Ergo
836 1359 1131 1424 hypothesin
1176 1359 1411 1423 Scaligeri
1450 1374 1589 1409 suam
1627 1359 1708 1409 fol.
1753 1364 1838 1410 25.
1877 1374 1974 1408 non
2014 1362 2308 1410 concesserit
2344 1359 2562 1424 Hippar-
2628 1393 2632 1399 ·

313 1433 431 1483 chus
472 1434 532 1483 de
571 1448 662 1482 sua
700 1438 875 1484 aetate.

483 1507 610 1569 Ergo
649 1507 838 1556 inverto
880 1505 1126 1555 scholion:
1170 1504 1449 1573 „quomodo
1477 1503 2200 1569 excusabimusffSealigerum,
2241 1507 2325 1569 qui
2364 1505 2556 1555 stellam
2628 1510 2652 1549 '-

308 1579 593 1643 Hipparcho
632 1579 792 1628 indice
819 1579 1238 1640 australissimam,
1278 1585 1537 1643 propterea
1576 1579 1708 1641 quod
1746 1578 1891 1627 hodie
1919 1586 1991 1628 est
2021 1579 2372 1641 borealissima,
2414 1581 2559 1630 etiam

308 1657 423 1701 tunc
461 1653 633 1701 statuit
669 1653 1057 1701 borealissimam
1094 1653 1271 1713 fuisse,
1322 1654 1478 1715 magis
1516 1666 1724 1715 sequens
1764 1651 2023 1700 Eudoxum
2062 1667 2222 1701 crasse
2260 1653 2556 1715 loquentem,

308 1740 452 1788 quam
480 1725 840 1788 Hipparchum,
879 1726 1072 1775 Eudoxi
1097 1740 1373 1787 censorem,
1414 1730 1576 1774 aetate
1616 1725 1897 1777 doctiorem.
1953 1724 2149 1788 „Quare
2175 1740 2432 1789 puerorum
2474 1732 2559 1775 aut

307 1798 569 1847 idiotarum
609 1799 850 1847 erroribus
876 1798 1099 1848 leviculis
1127 1813 1513 1860 succenseamuS,
1555 1800 1638 1861 qui
1666 1805 1766 1847 tam
1794 1799 2036 1847 famosum
2062 1800 2377 1862 scriptorem“
2420 1814 2557 1848 eum·
2647 1815 2649 1818 ⁴

308 1886 400 1934 que
443 1872 548 1934 jam
594 1885 757 1922 senem
802 1874 881 1935 „in
921 1878 1022 1920 tam
1066 1872 1324 1921 manifesta
1374 1871 1519 1934 culpa
1558 1877 1606 1920 et
1643 1877 1742 1920 tam
1788 1870 1998 1934 joculari
2045 1871 2427 1921 hallucinatione
2467 1873 2557 1922 de-

305 1944 664 2008 prehendimus.
740 1945 990 1995 Prodeant
1043 1947 1210 2008 igitur,
1268 1945 1350 2008 qui
1399 1945 1514 1993 huic
1561 1947 1745 2008 stupori
1794 1946 2159 2008 patrocinentur
2196 1952 2245 1995 et
2281 1947 2470 2010 nigrum
2508 1948 2556 1994 in

306 2017 512 2068 candida
550 2014 792 2068 vertant.“

477 2090 674 2140 Scholio
714 2106 830 2141 vero
858 2091 921 2142 II.
961 2091 1172 2154 speciem
1214 2090 1352 2140 affert
1388 2091 1504 2139 novi
1545 2093 1832 2154 argumenti.
1894 2091 1992 2141 Cur
2030 2093 2158 2140 enim
2196 2090 2367 2141 stellae
2398 2090 2488 2155 ᾖΕ),
2513 2088 2560 2144 ἓν
2590 2095 2608 2118 ”

239 2159 242 2162 ’
306 2163 421 2213 dicti
459 2161 737 2231 xopsvtocc“,
779 2166 895 2228 quia
933 2166 1061 2213 circa
1099 2163 1144 2212 G
1182 2165 1333 2225 ibant,
1373 2170 1427 2213 ut
1464 2163 1649 2213 hodie?
1711 2163 1912 2227 Species
1955 2167 2156 2227 inquam
2206 2171 2279 2214 est
2316 2167 2434 2214 novi
2474 2159 2573 2214 af:
2612 2231 2615 2239 Ι

303 2241 535 2301 gumenti,
575 2252 672 2287 non
711 2244 1065 2300 argumentum.
1138 2237 1263 2286 Nam
1316 2239 1397 2300 qui
1450 2236 1570 2286 dixit
1609 2236 1654 2285 G
1691 2237 1884 2301 polum,
1938 2238 2068 2288 idem
2108 2240 2162 2300 E,
2202 2239 2243 2286 F
2284 2237 2406 2287 dixit
2442 2237 2553 2288 ideo

303 2330 558 2376 χορευτας,
610 2306 682 2360 eo¹
708 2312 840 2374 quod
880 2313 1092 2360 varietas
1132 2311 1404 2359 altitudinis
1455 2312 1608 2373 ipsius
1648 2309 1695 2359 G
1732 2310 1886 2361 oculis
1923 2325 2023 2362 non
2061 2311 2451 2374 discernebatur,
2502 2316 2554 2360 at

305 2398 420 2434 vero
459 2384 514 2444 E,
555 2385 595 2432 F
630 2385 734 2447 J'am
773 2400 920 2447 supra
960 2383 1020 2445 G,
1055 2385 1159 2446 jam
1198 2384 1322 2432 infra
1359 2386 1644 2433 viserentur.

477 2457 586 2509 Fol.
629 2463 712 2506 40.
757 2457 875 2521 Cap.
902 2458 995 2507 111.
1061 2456 1177 2506 Jam
1216 2472 1452 2506 summam
1494 2457 1841 2519 disputationis
1875 2457 1994 2507 facit
2030 2456 2273 2520 Scaliger3
2313 2459 2550 2521 agnoscit,

304 2529 509 2578 duorum
547 2530 752 2578 alterum
792 2546 899 2580 esse
937 2532 1293 2593 necessarium,
1347 2537 1401 2579 ut
1439 2536 1525 2579 aut
1562 2529 1734 2579 stellae
1772 2544 1992 2595 prorsum
2039 2536 2180 2591 eant,
2235 2536 2320 2579 aut
2370 2536 2551 2594 puncta
2629 2532 2647 2549 ,-.

301 2604 488 2665 tropica
533 2609 818 2667 retrorsum3
872 2603 994 2651 illud
1039 2617 1156 2652 vero
1196 2618 1248 2652 se
1286 2609 1428 2667 putat
1480 2603 1802 2665 destruxisse,
1856 2604 2102 2653 concludit
2150 2604 2295 2666 igitur
2343 2603 2403 2653 de
2441 2604 2549 2654 hoc.

304 2674 482 2724 Falsus
522 2685 638 2724 vero
679 2683 767 2726 est.
842 2676 967 2726 Nam
1004 2691 1163 2739 neque
1201 2678 1444 2739 probavit,
1486 2676 1654 2725 stellas
1693 2677 1962 2739 aequaliter
2000 2677 2170 2726 abesse
2211 2691 2241 2725 a
2264 2677 2379 2739 polo
2407 2676 2550 2726 hodie
2602 2698 2617 2739 ’.ὲ

307 2753 355 2796 et
396 2749 528 2810 olim,
567 2763 666 2797 non
702 2750 880 2797 absunt
920 2751 1047 2798 enim
1086 2749 1368 2812 aequaliter,
1409 2755 1456 2798 et
1494 2752 1535 2797 si
1559 2750 1829 2813 probasset,
1869 2750 1963 2799 hoc
2001 2749 2158 2799 solum
2186 2749 2401 2812 haberet,
2440 2749 2549 2799 illas
2587 2759 2606 2798 ,ῑ
2638 2814 2641 2822 Ι

304 2822 354 2867 in
394 2821 597 2870 zodiaco
636 2836 734 2871 non
774 2825 856 2883 ire,
897 2822 984 2871 sed
1023 2822 1288 2871 secundum
1316 2828 1629 2884 aequatorem
1668 2823 1782 2870 illae
1821 2823 1973 2871 nihilo
2000 2825 2158 2871 minus
2185 2829 2386 2886 possent
2411 2835 2553 2886 pror-

304 2908 426 2955 sum,
467 2909 624 2958 aeque
663 2901 810 2958 atque
850 2901 965 2944 tunc
1004 2897 1190 2958 tropica
1227 2901 1427 2957 possent
1464 2896 1531 2943 ire
1569 2900 1827 2943 retrorsum
1867 2898 2241 2960 transpositione
2281 2896 2547 2959 eclipticae,
2599 2918 2603 2919 ⁷

302 2972 357 3016 ut
395 2970 521 3016 nun‘c
558 2967 612 3015 fit
638 2970 1013 3031 transpositione
1041 2969 1333 3031 aequatoris.
1400 2965 1441 3015 O
1466 2967 1716 3016 ridiculam
1743 2971 1982 3031 pugnam!
2022 2970 2076 3021 Si
2117 2984 2284 3018 verum
2322 2975 2410 3031 est,
2450 2982 2546 3018 non
2581 2978 2602 2989 ··
2650 3020 2652 3028 Α

303 3042 484 3090 variari
523 3040 803 3091 distantiam
841 3057 871 3090 a
907 3041 1050 3105 polo,
1102 3041 1206 3104 jam
1245 3046 1466 3089 neutrum
1507 3055 1629 3103 opus
1669 3042 1758 3089 erit
1796 3041 1980 3105 dicere,
2031 3057 2189 3107 neque
2227 3041 2394 3092 stellas
2430 3040 2571 3105 pro-'

300 3114 461 3176 gredi,
516 3128 675 3176 neque
726 3120 907 3178 puncta
957 3113 1272 3163 retrocedere.
1349 3114 1474 3163 Nam
1512 3113 1640 3162 unde
1681 3114 1981 3177 deprehensa
2020 3122 2092 3165 est
2139 3115 2383 3179 elongatio
2422 3116 2547 3164 fixa·
2578 3123 2621 3151 ·‘

298 3201 404 3234 rum
444 3201 474 3235 a
510 3188 709 3250 tropicis
751 3187 987 3251 punctis?
1051 3185 1191 3236 Unde
1232 3188 1374 3247 enim,
1414 3187 1507 3234 nisi
1546 3202 1576 3235 a
1613 3187 1840 3236 variabili
1881 3188 2242 3238 declinatione?
2304 3189 2399 3237 Dic
2424 3188 2579 3249 Sca-¹,

299 3258 450 3322 liger,
492 3260 738 3322 quomodo
780 3261 952 3322 disciS,
1003 3259 1198 3323 Spicam
1238 3260 1354 3308 olim
1390 3259 1539 3307 fuisse
1578 3261 1626 3306 in
1668 3257 1762 3308 26⁰
1786 3258 1884 3329 1η),
1916 3262 2020 3324 jam
2060 3276 2166 3311 esse
2204 3263 2254 3308 in
2297 3259 2387 3310 18⁰
2419 3259 2575 3320 ss?
2630 3257 2638 3268 '

297 3332 466 3382 Habes
507 3333 892 3395 instrumentum,
933 3347 1030 3397 quo
1072 3333 1352 3382 distantiam
1391 3333 1453 3380 ab
1492 3335 1800 3394 aequinoctio
1839 3335 2088 3383 metiaris?
2151 3334 2288 3383 Tune
2312 3339 2545 3397 punctum

298 3407 592 3468 aequinoctii
632 3404 786 3455 cernis
826 3406 1018 3455 oculis?
1067 3407 1243 3456 Posset
1281 3404 1475 3469 quidem
1514 3405 1749 3454 beneficio
1786 3406 1956 3457 Lunae
1994 3410 2104 3457 sciri
2143 3407 2390 3470 elongatio
2416 3405 2542 3456 Solis

297 3494 327 3527 a
362 3478 460 3527 fixa
498 3483 546 3527 et
582 3478 826 3529 mediante
867 3479 1037 3528 diurno
1064 3479 1191 3529 Solis
1230 3480 1375 3529 etiam
1414 3477 1659 3542 elongatio
1698 3478 1793 3528 loci
1819 3495 1849 3529 a
1874 3481 1984 3543 fixa,
2023 3483 2073 3528 in
2111 3495 2208 3544 quo
2247 3480 2334 3530 Sol
2369 3480 2541 3544 aequi-

294 3641 433 3677 mento
474 3639 581 3677 circa
613 3637 646 3686 Q
681 3638 914 3678 describent
953 3641 1133 3679 minores
1177 3638 1354 3680 circulos
1393 3650 1521 3692 quam
1552 3637 1608 3692 G,
1652 3651 1759 3691 quae
1800 3642 2026 3681 maximum
2066 3639 2264 3681 describit
2294 3655 2396 3692 ακν;
2435 3641 2478 3679 at
2505 3636 2538 3685 Ε

294 3693 418 3748 longe
449 3698 664 3749 minorem,
697 3697 810 3750 quod
843 3701 909 3737 est
936 3699 1215 3751 nugatorium.

467 3753 504 3808 *)
536 3756 583 3793 In
617 3757 883 3795 conversione
922 3757 1090 3807 mundi,
1129 3759 1166 3796 si
1195 3759 1287 3808 ipsa
1316 3758 1364 3796 fit
1393 3757 1438 3795 in
1468 3756 1567 3808 polo
1600 3755 1662 3806 Q,
1705 3760 1750 3795 ut
1779 3757 1870 3797 vult
1900 3759 2186 3811 Hipparchus,
2228 3756 2351 3798 stella
2382 3757 2419 3798 G
2445 3768 2536 3809 per·

297 3812 489 3851 veniente
522 3813 573 3851 ad
602 3817 746 3864 partes
776 3816 851 3854 ubi
882 3819 945 3854 est
974 3816 1023 3868 E,
1054 3817 1147 3867 ipsa
1168 3816 1202 3854 E
1234 3819 1275 3854 et
1304 3815 1490 3867 reliquae
1513 3815 1564 3867 A,
1587 3813 1637 3864 B,
1663 3813 1706 3862 C,
1732 3815 1772 3854 D
1794 3822 1914 3857 erunt
1944 3829 2069 3868 supra
2091 3817 2139 3870 G,
2170 3817 2271 3869 polo
2302 3817 2534 3857 viciniores,

294 3868 443 3921 Itaque
475 3870 510 3910 G
540 3873 618 3910 erit
649 3873 834 3921 omnium
865 3872 1176 3928 australissima,
1209 3874 1323 3927 quod
1354 3885 1404 3913 ex
1435 3874 1572 3914 verbis
1602 3871 1757 3914 Marini
1784 3873 2061 3928 confirmatur,
2092 3877 2136 3915 in
2169 3876 2320 3928 quibus
2350 3875 2534 3928 Hippar-

295 3927 396 3967 chus
428 3939 518 3968 eam
549 3929 895 3972 australissimam
925 3935 1057 3974 vocat.
