2652 4088
286 212 359 270 24
1258 211 1313 255 In
1345 211 1578 255 Somnium

460 361 516 409 In
554 375 664 409 mea
702 362 1125 408 commentatione.
1153 360 1355 409 totidem
1392 366 1504 408 sunt
1550 358 1853 422 problemata
1906 363 2024 420 quot
2060 359 2246 420 lineae,
2300 359 2536 409 solvenda

285 435 459 497 partim
500 435 835 492 astronomiae,
874 435 1050 495 partim
1089 433 1303 496 physice,
1342 435 1516 495 partim
1556 433 1798 481 historice.
1864 430 1960 478 Sed
2000 431 2115 493 quid
2140 432 2293 494 agas?
2346 431 2537 492 Quotus

287 507 491 568 quisque
532 520 646 553 cura
686 505 884 567 dignum
923 506 1156 569 censebit,
1197 521 1254 554 ea
1293 505 1521 554 solvere?
1562 505 1774 567 Cupiunt
1801 504 2020 552 homines
2046 504 2326 566 hujusmodi
2351 505 2539 553 ludicra

286 579 380 626 sibi
417 577 550 625 molli
590 577 802 636 brachi0‚
844 577 974 639 quod
1014 578 1165 639 ajunt,
1208 578 1415 636 obtrudi,
1457 592 1545 626 nec
1583 577 1749 625 faciles
1789 583 1902 624 sunt
1929 576 1990 624 ad
2017 577 2366 638 corrugandam
2405 578 2538 625 fron-

290 656 390 698 tem
428 652 473 696 in
514 649 647 697 ludo.
724 650 898 711 Itaque
936 653 1100 709 statui,
1142 652 1271 698 notis
1309 657 1421 713 post
1460 655 1646 699 textum
1685 650 1851 697 ordine
1891 651 2208 711 sequentibus
2237 652 2400 698 omnia
2436 650 2539 697 sol-

286 737 413 770 vere.
491 722 703 771 Accedet
743 737 800 770 ex
842 722 1092 784 telescopii
1134 725 1251 782 mei,
1292 722 1421 785 quod
1462 737 1611 784 nuper
1649 737 1756 770 sum
1794 728 1990 782 nactus,
2032 725 2328 784 experientia
2366 724 2536 770 mirum

284 801 331 843 et
369 795 584 843 insolens
622 802 933 856 augmentum
974 794 1031 843 de
1073 796 1262 858 oppidis
1304 803 1351 843 et
1389 796 1648 858 aggeribus
1696 795 2006 842 circularibus
2047 797 2245 843 umbrae
2285 802 2536 843 consecta-

283 882 405 916 neae
441 881 604 915 causa.
683 866 813 929 Quid
853 868 1012 915 verbis
1053 868 1215 930 opus‘?
1274 868 1476 931 Scripsit
1515 866 1833 930 Campanella
1873 869 2119 916 civitatem
2159 867 2302 928 Solis,
2345 867 2461 929 quid
2499 870 2539 915 si

283 954 372 987 nos
411 939 619 988 Lunae?
685 940 823 987 Anne
863 943 1111 1002 egregium
1150 942 1363 1002 facinuS,
1417 941 1692 1004 cyclopicos
1743 939 1887 1002 hujus
1935 942 2163 1003 temporis
2214 955 2370 987 mores
2412 941 2538 988 vivis

285 1012 527 1061 coloribus
567 1012 854 1076 depingere,
909 1013 994 1061 sed
1044 1016 1282 1062 cautionis
1334 1029 1481 1062 causa
1531 1016 1670 1061 terris
1720 1027 1827 1060 cum
1878 1012 1961 1059 tali
2010 1015 2269 1075 scriptione
2311 1011 2541 1061 excedere

283 1087 430 1147 inque
469 1085 658 1134 Lunam
701 1085 964 1134 secedere?
1005 1085 1310 1148 Quamquam
1351 1086 1467 1148 quid
1507 1088 1815 1148 tergiversari
1847 1085 2068 1147 juvabit,
2121 1101 2227 1134 cum
2256 1101 2346 1134 nec
2373 1086 2540 1134 Morus

282 1160 333 1218 in
380 1156 562 1220 Utopia
609 1173 699 1207 nec
748 1159 981 1206 Erasmus
1035 1161 1080 1205 in
1133 1161 1351 1208 encomio
1390 1160 1576 1206 Moriae
1629 1160 1719 1206 tuti
1770 1159 1969 1216 fuerint,
2023 1161 2136 1221 quin
2187 1160 2403 1220 utrisque
2450 1159 2540 1205 suit

250 1230 515 1294 'apologia
555 1231 716 1294 opus‘?
779 1231 982 1279 Missam
1022 1234 1167 1294 igitur
1205 1235 1398 1295 penitus
1436 1234 1672 1280 faciamus
1709 1233 1863 1294 picem
1906 1231 2029 1278 hanc
2067 1233 2314 1293 politicam
2355 1245 2540 1294 nosque

285 1306 334 1351 in
374 1306 588 1352 amoenis
628 1304 969 1366 philosophiae
1011 1307 1175 1353 viretis
1214 1307 1358 1368 plane
1399 1307 1750 1353 contineamuS.

457 1376 796 1425 Calendarium
835 1377 1154 1426 Miitschelius
1191 1379 1358 1440 jussus
1400 1385 1473 1426 est
1498 1378 1798 1440 Ratisponae
1824 1384 1988 1440 petere
2015 1377 2199 1438 tibique
2229 1376 2357 1424 dare.
2398 1375 2540 1437 Vale,

282 1449 390 1498 Deo
430 1450 808 1501 commendatus.
872 1450 1024 1498 Lincii
1054 1451 1098 1498 d.
1131 1458 1171 1499 4.
1207 1452 1323 1501 Dec.
1359 1457 1512 1501 1623.

456 1533 850 1588 Berneggerus
880 1534 1136 1590 respondit:
1163 1568 1202 1578 ..
1252 1571 1262 1581 .
1296 1537 1348 1579 D.
1381 1534 1743 1593 Lingelshemius
1777 1535 1926 1578 omnia
1956 1539 2058 1589 tua,
2095 1545 2390 1589 quaecunque
2421 1532 2542 1588 apud

281 1610 354 1644 me
382 1600 571 1654 reperit,
614 1612 705 1643 non
736 1612 873 1654 parvo
907 1599 1029 1643 exilii
1059 1602 1128 1644 sui
1172 1616 1272 1644 cum
1305 1602 1466 1647 solatio
1500 1601 1702 1646 studiose
1735 1600 1920 1654 evolvit3
1970 1606 2037 1644 est
2078 1600 2192 1643 enim
2225 1598 2542 1643 mathematica

283 1678 463 1722 quoque
505 1665 807 1709 doctissimus.
868 1665 911 1708 Is
955 1679 1055 1710 cum
1095 1680 1240 1722 nuper
1279 1680 1335 1710 ex
1366 1680 1437 1712 me
1479 1666 1786 1722 cognovisset,
1828 1678 1942 1721 quae
1986 1665 2040 1709 de
2081 1664 2200 1708 notis
2238 1665 2283 1707 in
2315 1665 2540 1708 Lunarem

280 1730 614 1776 Astronomiam
655 1729 802 1784 deque
841 1729 1071 1775 Plutarchi
1111 1732 1284 1776 edendo
1333 1732 1430 1788 ejus
1469 1733 1719 1787 argumenti
1761 1731 1913 1775 libello
1956 1732 2209 1788 mediteris,
2260 1745 2544 1788 summopere

278 1798 475 1842 laetatus
502 1796 660 1852 jussit,
702 1801 752 1840 ut
781 1796 1070 1850 perofficiosa
1110 1798 1192 1842 tibi
1226 1798 1345 1842 dicta
1383 1798 1527 1841 salute
1569 1810 1794 1853 rogarem,
1835 1811 1892 1842 ne
1930 1798 1975 1841 id
2015 1813 2179 1855 operae
2214 1798 2331 1843 bono
2361 1798 2544 1855 publico

282 1867 516 1919 praestare
561 1862 788 1905 omitteres
836 1868 913 1904 aut
944 1862 1063 1906 ultra
1109 1862 1324 1906 differres.
1394 1863 1552 1907 Habeo
1600 1862 1830 1907 Plutarchi
1876 1863 2116 1908 editionem
2162 1877 2371 1920 graecam
2415 1865 2459 1906 in
2492 1865 2543 1908 8⁰

285 1929 342 1973 H.
366 1928 601 1987 Stephani,
631 1927 761 1971 tomis
797 1929 822 1972 6
845 1932 1142 1973 constantem.
1186 1930 1232 1973 Si
1264 1930 1402 1985 voles,
1435 1930 1606 1973 mittam
1637 1928 1773 1972 istum
1805 1934 1990 1985 tomum,
2021 1930 2067 1974 in
2101 1944 2190 1986 quo
2212 1930 2326 1974 liber
2350 1930 2404 1973 de
2426 1930 2543 1975 facie

282 1995 455 2040 Lunae.
515 1994 619 2039 Non
660 1994 722 2038 ita
762 1994 934 2051 pridem
976 1994 1028 2038 V.
1073 1994 1118 2037 C.
1158 1994 1346 2039 Nicolao
1388 1994 1606 2051 Rigaltio,
1650 1992 1918 2038 conciliante
1956 1996 2011 2039 D.
2045 1995 2322 2040 Gothofredo
2352 1994 2540 2051 juniori,

283 2061 632 2106 familiaritatem
662 2061 892 2116 contraxi3
938 2059 1078 2104 habet
1108 2072 1254 2103 meum
1287 2060 1629 2117 Pachymerium
1660 2071 1890 2115 graecum,
1931 2067 1982 2103 ut
2021 2060 2066 2104 in
2106 2060 2259 2105 codice
2295 2060 2419 2116 regio
2452 2065 2545 2115 (est

288 2127 405 2172 enim
436 2126 806 2172 bibliothecarius
840 2125 1227 2179 Christianissimi)
1268 2125 1454 2170 lacunas
1488 2125 1681 2181 expleat.
1746 2123 1862 2178 Quid
1895 2124 1932 2167 si
1963 2124 2080 2169 idem
2122 2130 2354 2181 praestare
2385 2137 2543 2182 posset

283 2193 329 2237 in
361 2193 450 2236 isto
482 2191 717 2235 Plutarchi
747 2190 931 2235 libello?
987 2193 1118 2236 Certe
1148 2193 1293 2247 prima
1327 2191 1484 2247 quavis
1517 2191 1755 2236 occasione
1786 2203 1867 2245 per
1896 2190 2050 2234 literas
2081 2191 2320 2245 inquiram.

459 2257 612 2302 Habes
642 2257 716 2302 hic
740 2258 791 2302 D.
819 2257 1067 2302 Habrechti
1100 2258 1154 2302 de
1186 2257 1318 2313 globo
1349 2257 1481 2313 igneo
1503 2261 1763 2309 tractatum,
1794 2269 1895 2299 nam
1919 2256 1972 2299 D.
1998 2255 2262 2300 Schickardi
2286 2256 2381 2300 sine
2406 2255 2541 2300 dubio

235 2322 238 2323 ⁷
280 2324 446 2381 vidisti,
481 2335 752 2379 quamquam
785 2323 858 2366 hic
890 2322 1024 2367 etiam
1055 2322 1235 2369 additus
1269 2331 1351 2377 est,
1387 2324 1466 2367 sed
1489 2323 1741 2379 germanice
1773 2335 1947 2366 versuS.
1989 2322 2116 2380 Vale,
2147 2323 2345 2366 virorum
2368 2327 2412 2367 et
2441 2321 2542 2367 fau-

281 2400 430 2435 torum
462 2401 664 2432 meorum
697 2387 872 2432 eximie.
934 2389 1170 2442 Argentor.
1206 2391 1272 2448 ³⁴1·
1304 2390 1438 2434 Febr.
1473 2390 1600 2434 1624.

455 2465 593 2527 Quae
619 2464 682 2512 ad
707 2467 975 2526 praemissa
1000 2465 1250 2527 respondit
1276 2465 1362 2512 Ke
1379 2481 1408 2526 p
1427 2464 1561 2513 leru
1578 2480 1600 2512 s
1639 2467 1809 2526 paucis
1839 2469 2026 2512 tantum
2053 2463 2115 2511 ad
2143 2462 2395 2511 Somnium
2421 2465 2538 2511 atti-

239 2536 255 2550 *
281 2545 412 2600 nent,
453 2538 538 2586 sed
563 2540 775 2586 maxima
802 2553 861 2586 ex
885 2544 1021 2600 parte
1050 2538 1111 2585 ad
1137 2538 1264 2585 filios
1292 2539 1495 2585 Baronis
1523 2553 1551 2584 a
1579 2538 1912 2598 Staremberg,
1953 2538 2153 2585 fautoris
2191 2535 2390 2597 Kepleri
2430 2535 2541 2584 diu-

285 2614 413 2661 turni
455 2610 651 2677 („cujus
691 2611 1001 2672 quotidianus
1041 2625 1154 2669 sum
1186 2611 1396 2672 hospes‘²
1440 2612 1605 2657 scribit
1643 2605 1921 2676 Keplerus),
1964 2624 2085 2670 quos
2127 2616 2178 2655 ut
2204 2609 2540 2671 Berneggerus

285 2687 332 2732 in
374 2683 518 2733 aedes
559 2697 672 2731 suas
700 2683 858 2746 adque
904 2686 1117 2746 „victum
1146 2684 1400 2745 frugalem,
1442 2682 1684 2730 nobilibus
1713 2682 1944 2730 studiosis
1972 2682 2373 2730 convenientem4‘
2417 2685 2540 2731 reci-

283 2760 388 2822 piat
423 2758 556 2820 petit.

459 2828 767 2877 Concludens
806 2828 969 2876 literas
1011 2827 1075 2892 (d.
1118 2827 1163 2874 d.
1207 2826 1288 2897 {3-
1330 2827 1494 2876 Martii
1537 2825 1693 2892 1624)
1734 2827 1889 2876 addit:

455 2902 532 2949 De
571 2900 833 2949 Plutarcho
884 2903 933 2948 in
971 2915 1201 2962 praesens
1250 2902 1396 2949 velim
1446 2901 1617 2948 saltem
1655 2901 1986 2963 paragraphos
2034 2900 2211 2948 habere
2253 2902 2535 2963 exscriptOS,

286 2975 370 3037 qui
407 2973 607 3022 lacunas
645 2973 893 3036 Xylandri
931 2973 1223 3021 antecedunt
1262 2981 1308 3022 et
1347 2980 1638 3035 sequuntur3
1690 2975 1878 3021 interim
1932 2973 2206 3035 apparebit,
2255 2987 2370 3020 num
2409 2973 2540 3035 quod

281 3046 517 3096 auxilium
558 3061 616 3094 ex
655 3046 952 3094 bibliotheca
993 3044 1199 3094 Gallica.

457 3120 600 3168 Anno
632 3124 786 3168 1629.
837 3117 1077 3180 Keplerus
1118 3121 1285 3180 paucis
1324 3117 1446 3166 redit
1486 3117 1546 3166 ad
1586 3117 1851 3178 Somnium,
1893 3132 2000 3165 cum
2039 3117 2346 3180 Berneggero
2387 3133 2537 3181 agens

284 3193 343 3239 de
383 3191 572 3241 edendo
615 3191 949 3258 „Compendio
988 3191 1384 3241 Mathematico“.
1461 3189 1590 3250 Quid
1628 3205 1770 3250 ver0,
1819 3191 1988 3262 scribit
2036 3205 2199 3238 mense
2238 3190 2441 3251 Martio,
2496 3194 2537 3239 si

283 3264 387 3323 tibi,
428 3272 482 3313 ut
515 3266 680 3327 jocer,
739 3265 1096 3313 Astronomiam
1148 3279 1304 3311 meam
1345 3263 1560 3311 lunarem
1607 3277 1693 3310 seu
1733 3265 2123 3325 apparentiarum
2163 3263 2448 3311 coelestium
2487 3266 2533 3311 in

284 3335 425 3384 Luna
465 3337 763 3400 subjiciam?
803 3337 931 3386 Sane
972 3339 1053 3398 qui
1081 3336 1304 3399 pellimur
1341 3338 1492 3394 terris,
1536 3337 1764 3383 viaticum
1793 3336 1885 3383 hoc
1911 3335 2147 3384 conducet
2184 3339 2536 3398 peregrinanti-

285 3409 377 3456 bus
415 3417 501 3457 aut
538 3411 859 3473 migrantibus
897 3412 946 3456 in
974 3410 1182 3460 Lunam.
1234 3410 1288 3456 Ei
1330 3407 1494 3456 libello
1534 3408 1747 3469 adjungo
1774 3408 2086 3455 Plutarchum
2119 3408 2176 3457 de
2203 3410 2325 3457 facie
2351 3409 2533 3471 Lunae,

286 3495 477 3529 versum
516 3498 544 3529 a
582 3498 659 3531 me
698 3483 755 3530 de
805 3497 962 3542 novo,
1015 3488 1061 3531 et
1098 3481 1341 3544 plerisque
1379 3481 1566 3528 lacunis
1609 3495 1666 3527 ex
1705 3495 1848 3528 sensu
1888 3483 2199 3542 integratum,
2252 3482 2381 3544 quod
2419 3482 2535 3546 Xy-

284 3552 471 3612 landro,
512 3557 595 3615 qui
632 3555 932 3617 professione
971 3562 1276 3603 astronomus
1316 3568 1411 3602 non
1451 3559 1565 3612 erat,
1607 3552 1903 3615 impossibile
1941 3554 2043 3604 fuit.

464 3625 556 3673 His
596 3629 808 3688 exceptis
846 3628 914 3675 nil
955 3627 1357 3690 deprehendimus
1395 3629 1518 3674 inter
1545 3625 1743 3687 Kepleri
1768 3627 1961 3687 scripta,
2002 3641 2109 3674 cum
2137 3627 2267 3674 edita
2294 3633 2394 3674 tum
2420 3627 2531 3687 alia,

288 3697 347 3745 de
387 3697 602 3746 Somnio.
678 3700 834 3747 Filius
870 3701 1071 3762 Kepleri
1112 3700 1388 3748 Ludovicus
1427 3704 1536 3761 post
1573 3701 1723 3760 patris
1762 3705 1963 3746 mortem
2001 3699 2213 3758 Basilea‚
2255 3699 2336 3747 ubi
2375 3700 2533 3747 medi-

287 3771 423 3818 cinae
465 3785 661 3832 operam
701 3771 862 3831 dabat,
903 3776 952 3819 in
989 3774 1194 3834 patriam
1233 3771 1384 3820 redux
1410 3773 1595 3819 invenit
1621 3772 1842 3818 maritum
1867 3774 2043 3819 sororis
2070 3771 2375 3819 Bartschium
2414 3778 2531 3835 typo

288 3841 473 3890 Somnii
513 3851 827 3904 occupatum,
879 3860 1021 3907 quem
1070 3853 1207 3907 pater
1246 3851 1357 3893 ante
1397 3844 1661 3891 discessum
1699 3843 2017 3892 Ratisbonam
2056 3859 2223 3892 versus
2273 3846 2532 3905 inceperat.

291 3913 497 3964 Omissis
524 3921 685 3964 autem
725 3919 829 3982 typi
852 3919 1062 3980 negotiis
1089 3918 1372 3966 Bartschius
1400 3917 1619 3965 Laubam
1646 3915 1850 3966 Silesiae
1896 3919 1942 3964 in
1981 3917 2147 3966 urbem
2190 3923 2531 3979 transgressuS,
