2652 4088
1064 203 1110 256 in
1143 198 1262 256 Orbe
1291 205 1465 258 Lunae.
2317 211 2387 268 99

134 362 441 411 inferioribus
487 360 781 412 recumbere.
860 359 1197 409 continentem
1251 366 1414 410 autem
1463 374 1717 423 magnam,
1771 373 1896 422 quae
1946 361 1995 408 in
2035 360 2201 409 orbem
2241 360 2390 422 cingit

134 450 364 497 magnum
400 450 547 496 mare,
586 437 745 484 minus
784 433 979 496 quidem
1017 448 1048 481 a
1071 435 1256 495 ceteris,
1298 435 1359 482 ab
1386 431 1580 497 Ogygia
1617 446 1732 481 vero
1771 434 1958 482 circiter
1997 435 2210 496 quinque
2236 432 2391 480 millia

139 508 408 557 stadiorum
459 509 630 558 abesse
676 509 891 556 narrabat
930 509 1040 552 mihi
1072 510 1259 566 author,
1302 515 1347 554 et
1392 506 1523 569 quod
1562 521 1620 554 eo
1671 505 1888 555 tendenti
1940 506 2280 568 trajiciendum
2330 505 2392 553 sit

134 582 343 630 navibus
395 583 597 644 remigio
644 581 903 629 instructis
980 579 1100 628 Esse
1141 582 1266 626 enim
1314 579 1497 628 lentum
1544 580 1782 641 navigatu
1828 578 2034 642 pelagus
2075 586 2122 628 et
2158 579 2390 638 lutosum,

134 662 332 717 propter
369 655 659 703 fluentorum
695 651 1069 702 multitudinem.
1133 652 1226 700 Illa
1265 666 1381 701 vero
1420 652 1602 701 fluenta
1640 667 1670 700 a
1708 666 1885 715 magna
1924 654 2199 701 continente
2230 653 2392 701 venire

54 755 57 759 —
133 727 438 789 multumque
489 741 719 790 aggerere
767 725 1018 786 sabulum,
1072 730 1126 772 ut
1163 726 1449 788 impeditum
1498 725 1582 773 fiat
1620 731 1667 773 et
1705 725 1997 787 paludosum
2048 741 2205 786 mare,
2261 723 2392 787 quod

136 806 186 849 et
224 799 531 862 congelatum
583 799 737 848 videri
786 800 956 862 possit.
1034 797 1336 846 continentis
1387 797 1518 846 illius
1563 799 1803 846 maritima
1844 813 1874 846 a
1913 797 2114 847 Graecis
2166 799 2391 858 habitari,

136 874 262 921 circa
299 875 457 920 sinum
497 872 709 934 aliquem
748 871 876 920 haud
917 872 1149 919 minorem
1187 870 1464 932 Maeotide,
1518 871 1655 933 cujus
1695 885 1748 919 os
1787 870 1950 934 Caspii
2003 873 2147 919 maris
2188 873 2257 919 ori
2297 871 2393 920 sere

136 945 198 994 ad
237 952 417 995 rectam
454 943 632 993 lineam
673 959 780 994 esse
818 939 1061 1005 situm97).

308 1017 426 1066 Illos
462 1017 713 1080 appellare
753 1023 800 1066 et
839 1032 1033 1066 censere
1073 1031 1125 1065 se
1165 1015 1361 1078 quidem
1399 1022 1554 1064 terrae
1593 1015 1758 1064 firmae
1798 1015 1984 1064 incolas
1999 1010 2101 1082 93),
2154 1015 2391 1063 insulares

135 1104 253 1139 vero
295 1105 395 1152 eos,
435 1092 518 1152 qui
543 1090 669 1139 hanc
693 1097 907 1138 nostram
933 1089 1132 1138 Terram
1157 1089 1396 1151 habitant,
1438 1095 1491 1136 ut
1531 1103 1656 1150 quae
1681 1089 1896 1151 undique
1924 1090 2043 1137 mari
2083 1090 2145 1136 sit
2184 1090 2390 1137 circum-

134 1157 329 1228 flua99).
407 1164 696 1212 Existimare
749 1178 800 1211 se
853 1161 1111 1227 (dicebat),
1164 1162 1361 1211 Saturni
1408 1161 1604 1224 populis
1656 1164 1944 1210 commixtos
1992 1176 2098 1209 esse
2150 1175 2259 1222 eos,
2310 1162 2393 1223 qui

134 1237 377 1299 posterius
430 1251 538 1284 cum
578 1235 789 1284 Hercule
843 1235 1129 1284 advenerint
1181 1236 1348 1297 ibique
1400 1234 1555 1283 relicti
1603 1236 1715 1284 sint,
1793 1235 1914 1284 Cum
1953 1240 2116 1283 autem
2162 1234 2264 1296 jam
2305 1249 2392 1282 ex·-

137 1311 461 1371 stingueretur
497 1324 725 1371 graecum
765 1310 833 1357 ibi
872 1323 1047 1357 nomen
1091 1315 1138 1356 et
1176 1314 1485 1371 superaretur
1525 1323 1553 1356 a
1590 1307 1759 1370 lingua
1806 1308 2062 1356 barbarica
2100 1307 2393 1369 legibusque

115 1379 184 1430 'et
221 1383 377 1442 victu,
430 1396 557 1431 nunc
603 1385 775 1431 iterum
826 1383 1025 1430 excitari
1074 1382 1241 1443 quasi,
1298 1388 1559 1443 postquam
1608 1384 1738 1430 vires
1787 1380 2159 1443 multiplicatum
2197 1381 2393 1442 recepit.

134 1454 304 1517 quue
353 1455 533 1518 primas
578 1457 648 1504 ibi
694 1463 858 1503 tenere
897 1454 1181 1515 Herculem,
1231 1453 1469 1503 secundas
1518 1453 1795 1502 Saturnum.
1873 1453 1995 1502 Cum
2044 1467 2157 1502 vero
2198 1453 2396 1502 Saturni

136 1527 294 1587 stella,
335 1542 479 1590 quem
516 1543 607 1577 nos
646 1527 1014 1591 Apparentium,
1053 1527 1342 1575 Phaenonta
1382 1541 1630 1588 vocamuS,
1671 1528 1733 1576 ab
1771 1527 1869 1575 illis
1920 1529 2190 1575 continentis
2230 1528 2392 1574 incolis

132 1599 461 1663 Noctispicem
499 1603 736 1650 nominari
776 1601 964 1663 ajebat,
1004 1602 1055 1647 in
1093 1600 1309 1648 Taurum
1348 1602 1515 1649 veniat
1551 1606 1665 1663 post
1703 1602 1913 1649 tricenos
1951 1614 2106 1648 annos
2125 1595 2239 1663 ¹⁰⁰),
2280 1598 2391 1647 illos

132 1675 436 1736 praeparatis
475 1689 505 1723 a
529 1675 683 1723 multo
723 1680 938 1738 tempore
978 1688 1103 1737 quae
1143 1673 1205 1722 ad
1244 1673 1531 1722 sacrificium
1571 1678 1805 1737 spectant,
1844 1675 1951 1736 ipso
1986 1675 2256 1734 (sacrorum
2282 1686 2395 1734 rege

136 1747 393 1808 conducto,
431 1763 632 1796 manum
671 1745 906 1814 aliquam)
946 1753 1075 1796 sorte
1116 1746 1311 1795 ductam
1349 1749 1567 1795 emittere
1600 1762 1656 1793 ex
1686 1748 1764 1792 illa
1794 1749 2066 1806 continente,
2098 1761 2183 1809 per
2207 1750 2395 1794 tantum

128 1821 535 1883 &marisspatium
573 1823 890 1883 remigantes,
947 1835 1129 1883 eosque
1167 1820 1374 1868 multum
1424 1822 1655 1883 temporis
1694 1821 1740 1866 in
1781 1819 1931 1869 Terra
1977 1820 2174 1882 hospita
2211 1820 2394 1867 victum

135 1892 341 1941 tolerare
379 1895 638 1956 ingresSOS,
681 1896 860 1957 quippe
887 1893 1191 1956 appellantes
1227 1894 1504 1956 ubicunque
1542 1892 1760 1956 postulat
1796 1908 1928 1954 usuS‚
1970 1893 2094 1953 aliis,
2136 1898 2188 1940 ut
2213 1893 2397 1954 proba-

135 1964 250 2024 bile,
292 1966 416 2014 alios
455 1981 569 2016 usos
608 1969 824 2016 fortunis.
903 1967 1001 2015 Eos
1042 1981 1172 2027 ver0,
1213 1968 1297 2029 qui
1335 1982 1366 2015 a
1402 1968 1523 2014 mari
1560 1972 1828 2026 servantur,
1866 1969 2072 2029 primurn
2113 1965 2310 2028 quidem
2348 1965 2395 2012 in

138 2038 322 2087 insulas
369 2040 543 2088 obvias
596 2040 911 2100 exscendere‚
964 2041 1211 2088 habitatas
1249 2055 1279 2088 a
1318 2039 1546 2100 Graecis,
1599 2040 1665 2087 ibi
1707 2039 1871 2088 videre
1912 2040 2076 2089 Solem
2116 2039 2208 2086 sub
2247 2038 2396 2087 Terra

136 2126 243 2160 sese
282 2112 606 2162 occultantem
643 2129 730 2177 per
767 2115 966 2175 triginta
1005 2113 1107 2161 dies
1145 2114 1303 2160 minus
1343 2128 1490 2176 quam
1528 2127 1626 2160 una
1663 2113 1712 2159 in
1752 2112 1970 2176 singulos
2009 2113 2127 2161 hora
2148 2107 2258 2174 ¹⁰¹).
2334 2110 2397 2158 Et

136 2184 231 2233 hoc
269 2192 462 2234 noctem
502 2201 633 2247 esse,
674 2187 898 2235 tenebras
924 2185 1060 2235 leves
1085 2186 1346 2235 habentem
1387 2191 1435 2235 et
1461 2184 1822 2248 crepusculares
1849 2187 1909 2235 ab
1951 2200 2128 2234 occasu
2171 2188 2216 2232 in
2249 2193 2397 2232 ortum

140 2258 505 2307 circumductas.
557 2259 893 2308 Commoratos
921 2274 1036 2307 vero
1076 2260 1143 2307 ibi
1181 2274 1267 2322 per
1306 2259 1407 2307 dies
1431 2260 1700 2322 nonaginta
1741 2266 1788 2307 et
1825 2273 1932 2308 cum
1961 2259 2219 2324 honorelet
2244 2259 2397 2306 bene-

138 2331 360 2380 volentia
397 2347 562 2381 sacros
601 2332 796 2381 habitos
837 2338 885 2381 et
922 2334 993 2380 sic
1031 2334 1415 2395 cognominatOS,
1451 2332 1554 2395 jam
1593 2347 1623 2379 a
1662 2333 1820 2380 ventis
1860 2333 2031 2395 trajici,
2072 2346 2230 2394 neque
2271 2331 2394 2379 alios

135 2403 263 2452 ullos
301 2405 510 2454 incolere
546 2412 885 2468 praeterquam
926 2407 1060 2468 ipsos
1099 2420 1279 2467 eosque
1321 2408 1404 2468 qui
1442 2411 1553 2454 ante
1588 2404 1698 2452 illos
1732 2407 1867 2472 missi
1895 2412 2045 2454 erant.
2098 2405 2224 2454 Nam
2249 2404 2394 2453 licere

139 2477 336 2540 quidem
376 2477 571 2526 domum
611 2480 842 2542 navigare
881 2478 990 2538 illis,
1032 2481 1116 2541 qui
1155 2478 1383 2527 tredecim
1422 2493 1576 2534 annos
1615 2483 1699 2526 aut
1726 2479 1924 2541 triginta
1950 2493 2049 2527 una
2088 2493 2195 2527 cum
2225 2478 2395 2526 ceteris

137 2549 298 2598 Deum
339 2551 604 2612 coluerint,
645 2552 824 2615 eligere
863 2565 977 2600 vero
1016 2551 1272 2615 plerosque
1312 2566 1471 2614 aequo
1512 2553 1673 2600 animo
1712 2552 1779 2599 ibi
1818 2553 2067 2612 habitare,
2120 2551 2244 2600 alios
2283 2552 2394 2613 qui-

143 2622 251 2671 dem
289 2627 407 2686 quia
444 2627 775 2686 assueverint,
832 2631 1017 2674 ceteros
1065 2626 1181 2688 quia
1219 2626 1323 2673 sine
1361 2625 1598 2673 molestiis
1622 2630 1684 2673 ¹et
1721 2627 1930 2687 negotiis
1977 2626 2174 2688 copiose
2212 2638 2396 2686 suppe-

137 2702 245 2744 tant
292 2699 567 2746 necessaria
613 2697 675 2746 ad
727 2698 963 2746 sacrificia
1002 2705 1048 2747 et
1087 2713 1344 2746 consessus
1393 2698 1642 2758 solenneS‚
1697 2700 1779 2760 qui
1821 2713 2010 2761 semper
2048 2700 2096 2744 in
2137 2697 2395 2760 colloquiis

135 2769 489 2833 philosophicis
528 2777 779 2819 versentur
803 2766 906 2832 ¹⁰²).
961 2771 1080 2820 Esse
1122 2773 1247 2821 enim
1274 2776 1495 2820 naturam
1524 2772 1669 2833 hujus
1709 2772 1898 2820 insulae
1925 2773 2146 2833 aerisque
2187 2773 2396 2819 circum-

137 2842 234 2890 fusi
271 2845 550 2906 temperiem
588 2843 858 2892 mirabilem
876 2840 981 2907 103).
1057 2843 1314 2893 Nonnullis
1354 2847 1500 2893 etiam
1540 2844 1846 2893 divinitatem
1885 2860 1990 2893 esse
2030 2843 2393 2907 impedimentO,

140 2929 247 2963 curn
288 2915 531 2965 discedere
570 2918 853 2979 cogitarent,
895 2919 1183 2979 quaeipsis,
1223 2924 1458 2980 tanquam
1497 2917 1818 2966 familiaribus
1858 2925 1905 2966 et
1940 2919 2106 2967 amicis
2145 2919 2261 2978 suiS,
2303 2930 2396 2964 vo-

138 2985 374 3037 luntatem
412 3005 551 3038 suam
589 2990 841 3053 significet,
882 3005 979 3038 non
1018 3004 1104 3052 per
1140 2993 1330 3039 somnia
1367 2997 1557 3039 tanturn
1596 3005 1755 3053 neque
1793 3005 1879 3054 per
1917 2994 2084 3054 signa,
2124 2989 2209 3038 sed
2250 2991 2395 3037 etiam

138 3061 393 3110 manifeste
431 3062 640 3112 incidere
679 3063 858 3111 multos
897 3065 946 3110 in
986 3064 1199 3112 visiones
1239 3070 1286 3112 et
1326 3078 1473 3112 voces
1511 3065 1788 3126 geniorum3
1843 3066 2001 3127 ipsum
2057 3065 2182 3112 enim
2222 3062 2394 3111 Satur-

141 3146 256 3181 num
296 3136 344 3182 in
384 3135 620 3198 profundo
660 3142 798 3184 antro
839 3135 1117 3184 conclusum
1147 3151 1270 3198 esse,
1311 3151 1456 3199 super
1483 3144 1620 3199 petra
1641 3132 1730 3199 ¹⁰⁴)
1770 3151 1887 3185 auro
1918 3135 2253 3199 resplendente
2281 3134 2394 3182 dor—

109 3208 392 3268 ‘mientem3
449 3222 671 3256 somnum
727 3210 853 3258 enim
904 3207 974 3255 illi
1012 3208 1191 3257 Jovem
1242 3209 1467 3271 injecisse
1519 3223 1606 3272 pro
1655 3209 1877 3269 vinculo,
1927 3209 2150 3258 volucres
2190 3207 2395 3256 veroin

143 3281 323 3328 vertice
370 3287 535 3342 petrae
587 3295 715 3341 esse,
775 3295 900 3343 quae
946 3280 1233 3330 advolantes
1288 3280 1598 3344 suppeditent
1650 3283 1741 3344 ipsi
1793 3282 2101 3330 ambrosiam.
2178 3279 2394 3328 Insulam

141 3357 294 3400 totam
333 3361 631 3416 perstrepere
670 3367 866 3401 susurro
907 3353 1043 3401 velut
1081 3369 1111 3401 a
1137 3354 1269 3402 sonte
1309 3368 1366 3401 ex
1406 3362 1543 3416 petra
1582 3356 1790 3414 oriente3
1830 3356 2000 3415 genios
2039 3353 2149 3401 illos
2189 3354 2395 3401 circum-

145 3431 274 3474 stare
314 3430 362 3473 et
398 3427 669 3474 ministrare
709 3425 949 3486 Saturn0,
990 3427 1147 3473 socios
1189 3426 1293 3487 ejus
1331 3426 1485 3474 factos
1526 3426 1654 3486 olim,
1696 3426 1891 3487 quando
1931 3426 2012 3474 ille
2053 3427 2143 3474 diis
2182 3425 2394 3474 homini-

0 3558 2 3567 Ι
141 3496 333 3559 busque
373 3498 646 3560 imperarat,
686 3504 833 3560 atque
861 3499 996 3560 ipsos
1023 3497 1175 3545 multa
1201 3497 1395 3559 quidem
1421 3513 1451 3546 a
1475 3513 1526 3546 se
1566 3500 1684 3560 ipsis
1724 3499 2014 3560 praedicere,
2056 3500 2392 3548 vaticiniorum

143 3571 388 3630 conscios,
442 3571 653 3618 maxima
703 3584 820 3618 vero
859 3576 908 3618 et
947 3568 1006 3618 de
1044 3570 1189 3618 rebus
1228 3571 1450 3618 maximis
1498 3576 1729 3632 tanquam
1778 3573 1967 3619 somnia
2005 3571 2198 3620 Saturni
2238 3586 2394 3620 enun-

70 3695 71 3705 ,
147 3644 275 3692 ciare
316 3642 679 3691 descendentes,
757 3641 999 3704 Quicquid
1041 3644 1166 3690 enirn
1207 3640 1401 3704 Jupiter
1438 3642 1710 3702 meditetur,
1750 3642 1796 3689 id
1838 3643 2096 3693 Saturnum
2136 3647 2392 3706 somniare,

10 3714 18 3748 ⁸
72 3748 73 3761 i
148 3728 255 3764 esse
293 3729 410 3765 vero
450 3730 522 3775 ea,
564 3729 690 3778 quae
717 3721 790 3763 est
815 3730 845 3763 a
871 3714 1127 3762 Titanibus
1167 3729 1353 3777 passus,
1395 3721 1651 3777 motusque
1685 3718 1875 3764 animae
1915 3716 2022 3765 illos
2061 3733 2208 3781 penes
2236 3721 2394 3781 ipsum

148 3790 345 3836 omnino
385 3788 520 3837 velut
556 3788 896 3848 resuscitatos,
938 3801 1063 3850 quae
1103 3801 1300 3835 somnus
1340 3787 1430 3850 (ita
1469 3794 1724 3851 temperet,
1766 3795 1819 3837 ut
1857 3793 2069 3838 animum
2109 3792 2213 3855 ejus
2252 3805 2395 3840 exor-

14 3846 23 3933 ‚¹
76 3910 77 3913 ,
143 3862 282 3922 nent)
323 3867 371 3910 et
409 3864 571 3924 regius
621 3867 768 3922 atque
822 3860 1015 3908 divinus
1071 3859 1152 3909 ille
1203 3862 1350 3908 animi
1398 3867 1553 3909 status
1604 3863 1708 3924 ipsc
1756 3862 1847 3910 sibi
1885 3863 2112 3913 reddatur
2158 3879 2306 3928 purus
2347 3870 2394 3912 et

76 3926 78 3932 ’
137 3931 376 3984 ‘sincerum
451 3937 550 3983 Huc
579 3935 715 3993 igitur
745 3948 800 3981 ex
829 3934 909 3980 illa
937 3948 1099 3991 magna
1129 3936 1387 3981 continente
1418 3935 1708 3981 ultramarina
1744 3938 1890 3994 patria
1927 3953 2009 3985 sua
2051 3936 2238 3987 delatus
2275 3937 2395 3985 hos-

1983 4020 2046 4064 7*
