2652 4088
650 171 704 216 In
731 169 922 216 Librum
951 169 1185 217 Plutarchi
1216 168 1273 217 de
1300 170 1440 217 Facie
1467 169 1515 216 in
1547 169 1665 216 Orbe
1692 168 1869 217 Lunae.
2270 169 2379 226 121
2404 229 2406 235 λ

314 316 412 364 111.
444 316 506 361 At
534 316 589 363 P.
621 315 839 374 Virgilius
864 317 996 362 Maro
1026 316 1148 363 haud
1179 316 1317 374 paulo
1349 315 1480 363 aliter
1498 316 1798 374 Proserpinae
1826 318 1978 374 partes
2009 316 2144 363 etiam
2173 314 2219 360 in
2240 315 2385 373 prima

134 382 213 428 illa
242 388 288 430 et
318 384 516 430 violenta
546 389 691 429 morte
722 385 947 441 agnoscit:
987 387 1039 428 ut
1070 383 1147 439 qui
1178 383 1272 428 fato
1305 389 1494 428 naturae
1524 383 1596 428 vel
1627 384 1895 440 tempestiva
1924 388 2068 428 morte
2101 381 2384 436 decederent,

133 450 190 495 iis
220 449 378 495 faciles
410 450 538 495 daret
568 450 730 498 exitus.
792 451 948 508 ltaque
980 463 1080 508 cum
1110 450 1228 495 Dido
1258 450 1428 508 periret
1458 449 1623 494 misera
1655 455 1760 494 ante
1791 450 1920 508 diem,
1952 449 2208 495 luctabatur
2237 447 2386 493 anima

136 515 309 562 difficili
339 516 477 573 obitu,
506 515 612 572 quia

622 581 843 628 Nondum
870 582 941 628 illi
969 582 1141 639 flavum
1170 583 1455 641 Proserpina
1483 583 1647 628 vertice
1676 581 1844 627 crinem

625 648 894 694 Abstulerat
924 648 1172 707 Styyioque
1203 654 1340 706 caput
1371 649 1672 694 damnaverat
1704 646 1831 692 Orco.

305 713 406 759 112.
438 712 674 759 Plutarchi
701 716 1013 772 purgatorium
1045 718 1293 761 animarum
1323 716 1426 760 lene
1455 716 1502 759 in
1533 720 1651 771 aere,
1684 713 1825 759 valles
1856 713 2021 759 inferni
2051 713 2194 759 dicto:

794 781 875 826 Me
897 793 1053 838 poe-na
1084 783 1191 827 levis
1220 782 1456 827 clementer
1483 781 1666 826 adurat.

304 845 403 890 113.
433 845 621 890 Animae
652 858 709 890 ex
740 858 822 890 suo
853 847 1115 904 purgatorio
1137 850 1424 893 revertuntur
1444 846 1490 890 in
1511 845 1716 903 patriam,
1751 857 1864 901 quae
1884 845 2016 890 Luna
2037 850 2106 890 est
2125 842 2384 889 Plutarcho.

308 912 402 957 114.
434 911 666 968 Xylander
695 925 778 969 pro
811 911 920 963 ἶδιας
949 913 1060 969 legit
1087 914 1232 972 ἡδεως.

317 978 413 1023 115.
444 972 566 1022 Εο06
598 983 648 1021 ut
678 977 761 1021 viri
790 978 1028 1035 ingeniosi,
1062 982 1301 1035 postquam
1322 977 1594 1024 refutatione
1623 977 1972 1022 immortalitatis
1996 978 2244 1023 animarum
2264 989 2387 1032 mag-

133 1055 217 1088 nos
249 1055 297 1089 se
326 1042 624 1101 philosophos
654 1049 987 1096 monstrarunt,
1032 1044 1163 1100 quasi
1203 1045 1495 1100 poenitudine
1536 1044 1659 1090 ducti
1692 1049 1736 1087 et
1767 1043 2063 1088 abhorrentes
2103 1044 2159 1088 ab
2193 1041 2386 1086 exstinc-

128 1108 252 1153 tione
279 1122 403 1154 mera
433 1109 694 1165 animarum,
727 1110 852 1154 novis
883 1109 1190 1154 molitionibus
1221 1112 1280 1156 ad
1313 1112 1500 1158 eandem
1529 1110 1807 1168 postliminio
1837 1109 2138 1155 reducendam
2168 1109 2387 1161 nituntur,

129 1174 426 1232 Septuaginta
454 1174 525 1219 vel
556 1175 786 1232 octoginta
817 1177 946 1220 annis
976 1180 1082 1232 post
1113 1178 1493 1222 resurrectionem
1510 1177 1692 1223 Domini
1723 1176 1751 1219 J
1756 1187 1835 1221 esu
1866 1189 1893 1220 a
1924 1176 2128 1230 mortuis,
2161 1189 2261 1220 cum
2283 1188 2383 1219 san-

130 1239 264 1295 guine
288 1240 657 1294 Christianorum,
690 1256 771 1299 spe
802 1241 1153 1288 immortalitatis
1183 1255 1266 1298 pro
1289 1241 1574 1289 confessione
1606 1240 1771 1288 Christi
1799 1241 2055 1286 resuscitati
2085 1240 2383 1296 morientium,

13 495 24 516 ν
11 454 25 470 ·
0 266 38 430 :ff-fave.
0 0 80 254 Ἣ

48 274 51 276 ,
54 40 105 81 ,ἓν
82 0 112 19 .,‚

142 0 179 65 at

202 51 208 58 ι
196 4 210 13 Y

215 0 240 26 ..q

259 46 268 58 ,ι
254 0 297 34 μ’·

34 1295 44 1304 ’
128 1305 296 1351 infecta
338 1313 490 1351 essent
528 1310 677 1354 omnia
718 1309 902 1356 flumina
942 1310 1078 1354 orbis.
1100 1309 1273 1352 romani
1312 1314 1357 1355 et
1398 1307 1601 1354 barbari:
1644 1307 1793 1366 placet
1828 1312 1979 1352 tamen
2008 1307 2254 1352 Plutarcho
2296 1306 2388 1351 vita

46 1412 54 1425 .
129 1372 304 1418 animae
332 1379 438 1430 post
466 1380 670 1431 mortem,
703 1376 1031 1432 qualiscunque
1063 1387 1128 1429 ea,
1161 1374 1344 1430 placent
1364 1379 1591 1420 tormenta
1617 1374 1870 1431 impiorum,
1900 1374 2169 1419 refocillatio
2194 1375 2383 1431 piorum,

129 1438 313 1496 placent
344 1446 502 1485 coetus
534 1441 923 1499 triumphantium,
955 1441 1151 1487 redimiti
1183 1440 1375 1497 coronis,
1406 1440 1589 1496 placent
1620 1439 1796 1495 gaudia,
1830 1439 2052 1497 etiamque
2081 1440 2256 1486 reditus
2287 1438 2383 1485 ani-

131 1518 305 1550 morum
335 1506 382 1549 in
414 1519 618 1563 corpora,
651 1514 696 1550 et
727 1509 800 1552 vel
831 1509 991 1553 saltem
1021 1507 1160 1563 hujus
1193 1511 1401 1550 terrenae
1432 1505 1551 1550 vitae
1582 1506 1824 1563 reparatio.

303 1573 406 1618 116.
436 1573 610 1618 Eadem
642 1573 772 1619 Luna
802 1574 907 1620 huic
938 1575 1181 1632 peregrino
1212 1572 1448 1617 Plutarchi
1478 1576 1524 1616 et
1556 1572 1684 1617 sedes
1723 1572 1959 1616 beatorum
1991 1576 2036 1616 et
2065 1570 2265 1618 infernus
2298 1575 2382 1618 est.

306 1639 403 1682 117.
436 1638 666 1694 Peregrini
696 1641 849 1697 opinio
882 1642 937 1686 de
969 1637 1223 1684 substantia
1252 1638 1426 1682 Lunae.

304 1703 400 1748 118.
434 1703 633 1749 Rursum
664 1707 739 1751 hic
771 1719 902 1753 aures
934 1703 1169 1751 Plutarchi
1200 1704 1458 1760 prominent
1488 1717 1544 1748 ex
1575 1704 1694 1762 pelle
1725 1705 1967 1761 peregrini.
2319 1764 2322 1765 ⁷

301 1770 403 1816 119.
433 1771 505 1814 An
542 1771 659 1818 forte
690 1773 924 1820 solidam?
983 1773 1035 1818 Id
1067 1771 1250 1829 quidem
1280 1776 1472 1826 certum,
1513 1771 1749 1815 Platonem
1780 1771 2117 1826 quaternarium
2147 1774 2383 1816 numerum

129 1833 451 1882 elementorum
481 1841 798 1894 geometricam
830 1839 888 1895 ad
918 1838 1065 1883 ideam
1097 1836 1398 1888 constituisse,
1428 1836 1556 1881 initio
1587 1836 1706 1880 facto
1740 1836 1794 1880 ab
1819 1836 2028 1881 extremis
2049 1837 2151 1893 igne
2173 1842 2217 1881 et
2238 1841 2385 1894 terra3

52 1895 69 1901 ’”
128 1914 245 1956 quae
276 1915 377 1947 cum
408 1904 498 1949 sint
527 1919 716 1963 corpora
746 1906 910 1961 solida,
953 1902 1226 1948 soliditatem
1269 1901 1346 1946 ille
1377 1902 1692 1958 geometricam
1725 1902 2068 1947 accommodans
2107 1901 2240 1960 dixit,
2271 1901 2388 1965 'sicut

129 1966 177 2010 in
208 1969 453 2024 geometria
490 1972 736 2027 propositis
778 1971 954 2018 duobus
994 1968 1123 2015 cubis
1158 1968 1494 2023 inaequalibus,
1535 1969 1653 2013 sicut
1689 1982 1738 2013 se
1776 1969 1915 2013 habet
1952 1968 2071 2014 latus
2110 1967 2296 2014 mineris
2327 1967 2387 2014 ad

39 2058 53 2070 .
126 2031 247 2077 latus
277 2034 473 2093 maioris,
522 2036 660 2093 dupla
699 2038 759 2082 sit
797 2035 1031 2095 proportio
1071 2033 1327 2090 superficiei
1363 2033 1548 2078 minoris
1580 2034 1638 2078 ad
1681 2034 1962 2090 superficiem
2000 2034 2210 2092 maioris,
2249 2033 2387 2092 tripla

22 2096 25 2166 Ἰ
55 2103 57 2105 ’
128 2101 329 2155 corporis
360 2103 544 2147 minoris
575 2105 633 2148 ad
666 2118 829 2161 corpus
861 2102 1058 2158 majoris,
1091 2105 1250 2158 eoque,
1282 2100 1519 2157 applicatis
1543 2100 1644 2145 aliis
1667 2099 1841 2144 duabus
1873 2100 2003 2145 lineis
2034 2102 2091 2145 ad
2121 2101 2266 2146 latera
2296 2100 2386 2149 (1110

126 2163 174 2207 111
204 2165 416 2211 continua
456 2168 649 2214 laterum
680 2169 998 2227 proportione,
1040 2168 1127 2212 duo
1161 2174 1385 2222 extrema,
1434 2168 1582 2211 minus
1613 2167 1733 2212 latus
1766 2174 1811 2212 et
1840 2168 2035 2212 maxima
2066 2166 2287 2213 linearum
2317 2179 2385 2213 re-

127 2239 422 2305 praesentent
455 2234 544 2280 duo
577 2250 783 2293 corpora,
813 2235 1009 2292 receptis
1041 2234 1086 2278 in
1120 2235 1191 2278 sui
1221 2234 1369 2278 medio
1392 2234 1569 2278 duabus
1590 2232 1749 2278 mediis
1780 2233 2210 2290 proportionalibuS‚
2244 2231 2386 2279 latere

127 2296 311 2352 majoris
343 2306 389 2343 et
417 2300 693 2358 reliquorum
724 2302 920 2347 minore:
953 2302 1018 2346 sic
1050 2301 1185 2345 etiam
1215 2301 1364 2357 ignem
1396 2304 1441 2344 et
1471 2305 1638 2344 terram
1670 2299 1716 2343 in
1748 2299 1817 2344 sui
1847 2299 2042 2343 medium
2072 2298 2274 2357 recipere
2296 2299 2385 2344 duo

129 2374 321 2419 corpora
350 2366 496 2411 media
526 2368 904 2425 proportionalia,
948 2372 1001 2411 ut
1039 2367 1098 2412 sit
1129 2366 1323 2422 denique
1355 2370 1404 2409 ut
1434 2369 1555 2410 terra
1586 2365 1643 2409 ad
1674 2377 1852 2434 aquam,
1886 2364 1950 2409 sic
1983 2377 2100 2420 aqua
2132 2365 2188 2409 ad
2219 2368 2384 2420 aerem,

130 2431 208 2471 aer
236 2441 342 2474 vero
374 2432 431 2476 ad
462 2433 625 2488 ignem.

305 2495 405 2542 120.
438 2498 645 2544 Ridicule
666 2499 971 2545 hallucinatur
992 2496 1275 2543 Plutarchus.
1319 2496 1435 2541 Nam
1468 2495 1505 2540 si
1526 2495 1730 2570 pluribus
1754 2496 2046 2551 dimetiretur‚
2079 2494 2228 2540 adhuc
2246 2496 2387 2541 multo

128 2557 275 2602 minor
314 2573 415 2606 esse
455 2573 737 2621 argueretur.
797 2567 893 2613 Nec
932 2566 1050 2610 enim
1081 2565 1121 2608 ei
1152 2563 1387 2620 parvitatis
1428 2562 1625 2619 speciem
1663 2563 1811 2607 induit
1848 2563 2056 2614 celeritas
2095 2568 2266 2618 motus,
2305 2564 2386 2609 sed

129 2621 245 2668 bene
275 2625 488 2673 horarum
519 2633 794 2686 paucitatem
824 2633 937 2678 haec
967 2636 1202 2686 causatur,
1247 2628 1410 2684 quibus
1441 2629 1488 2672 in
1520 2629 1677 2674 umbra
1706 2634 1930 2706 versatur:
1949 2628 2087 2717 sidus.
2148 2629 2247 2674 Hoc
2276 2635 2388 2687 puto

132 2695 227 2735 erat
255 2692 301 2736 in
331 2695 478 2740 animo
509 2698 769 2745 Plutarcho
1982 2719 1984 2721 ’
2010 2716 2014 2725 ’

304 2759 400 2804 121.
432 2762 667 2809 Neminem
700 2765 833 2810 hodie
866 2775 1106 2820 superesse
1151 2765 1261 2817 puto
1301 2760 1347 2804 in
1380 2760 1487 2804 orbe
1520 2758 1784 2814 Terrarum,
1829 2761 1913 2818 qui
1923 2727 2032 2806 hac
2063 2762 2387 2819 superstitione

128 2819 187 2866 sit
215 2822 423 2870 infectus
474 2828 545 2872 lta
582 2843 672 2874 non
717 2844 895 2887 semper
938 2840 1188 2875 consensus
1227 2827 1524 2886 plurimorum
1568 2828 1877 2884 respiciendus
1922 2825 1967 2871 111
2000 2829 2310 2874 examinandis
2344 2835 2390 2875 et

127 2889 396 2947 recipiendis
429 2895 731 2952 opinionibus,
765 2897 886 2953 quod
918 2896 991 2940 hic
1022 2894 1130 2939 fecit
1160 2893 1449 2954 Plutarchus,
1484 2911 1645 2941 novam
1675 2896 1951 2952 theologiam
1983 2901 2235 2942 exstruens.

307 2958 405 3003 122.
435 2961 620 3006 Animas
662 2962 862 3007 nondum
906 2961 1089 3006 sedibus
1131 2960 1295 3016 quietis
1334 2962 1380 3005 in
1412 2963 1543 3007 Luna
1575 2962 1769 3019 potitae,
1819 2963 1898 3007 sed
1930 2960 2080 3006 adhuc
2111 2960 2388 3006 circumvoli-

127 3024 274 3066 tantes
303 3023 571 3083 Lunamque
603 3028 733 3084 quasi
763 3028 871 3073 litus
904 3035 982 3073 aut
1011 3032 1197 3084 portum
1219 3030 1537 3085 capturientes,
1570 3030 1675 3074 dum
1705 3029 1783 3074 illa
1814 3028 1993 3074 interim
2026 3028 2234 3073 tenebras
2267 3026 2389 3073 subit

40 3084 43 3122 ῗ
125 3083 453 3146 horrescitque

298 3154 394 3200 125.
428 3154 639 3213 Caspium
670 3158 942 3203 Plutarchus
974 3158 1110 3203 habet
1140 3171 1224 3215 pro
1257 3158 1358 3203 sinu
1390 3161 1547 3204 oceani
1579 3161 1830 3207 exterioris.

303 3222 401 3268 124.
434 3222 531 3267 Has
562 3223 794 3269 Plutarchi
827 3226 1112 3281 conjecturas
1145 3224 1380 3268 confirmat
1410 3224 1620 3281 dioptron
1651 3228 1875 3284 belgicum
1908 3227 2167 3274 clarissime.

304 3288 404 3332 125.
435 3288 609 3333 Eadem
656 3290 787 3334 Luna
832 3291 1075 3335 Plutarcho
1129 3296 1175 3334 et
1220 3290 1351 3335 sedes
1403 3290 1546 3336 beatis
1592 3292 1752 3337 tribuit
1799 3298 1843 3336 et
1887 3306 2112 3339 carcerem
2161 3294 2383 3339 damnatis

0 3367 1 3421 ᾗ
77 3333 85 3339 “
127 3351 404 3409 torquendis.

297 3418 400 3462 126.
430 3418 520 3462 Pro
550 3436 682 3474 μικρα
715 3421 947 3478 Xylander
976 3421 1086 3479 legit
1114 3437 1279 3477 μακρα.

305 3483 401 3528 127.
431 3483 516 3527 Hic
560 3485 733 3530 fallitur
771 3487 1056 3532 Pluttrchus.
1129 3488 1316 3543 Semper
1360 3487 1478 3531 enim
1521 3487 1704 3532 eaedem
1751 3488 1955 3534 maculae
1994 3504 2150 3538 versus
2196 3490 2382 3536 Terram

122 3554 347 3606 tpectant.
408 3549 530 3604 Lege
561 3550 716 3604 igitur:
761 3552 900 3597 Nunc
928 3565 1083 3597 versus
1121 3553 1293 3598 coelum
1325 3554 1561 3609 extimum,
1595 3568 1715 3599 nunc
1744 3568 1900 3600 versus
1931 3555 2107 3614 Solem,
2146 3562 2191 3603 et
2223 3568 2381 3603 secun-

51 3629 65 3690 ,
125 3613 233 3660 dnm
262 3614 379 3658 hanc
410 3616 732 3660 correctionem
763 3619 935 3675 corrige
966 3617 1178 3673 fabulam,
1210 3618 1247 3662 si
1277 3625 1423 3674 potes.

303 3681 400 3726 128.
433 3681 662 3726 Plutarchi
696 3683 787 3727 vita
813 3684 948 3728 beata
978 3684 1147 3728 lunaris
1178 3683 1394 3739 paulatim
1435 3684 1652 3731 exolescit
1681 3699 1763 3742 per
1793 3686 1967 3733 animae
2000 3694 2189 3766 mortem
2212 3704 2380 3770 secun·

52 3737 55 3778 ἷ
130 3747 231 3795 dam
258 3746 421 3802 lenem,
454 3762 544 3804 qua
575 3763 699 3794 mens
733 3749 933 3794 solitaria
964 3751 1015 3796 fit
1045 3756 1091 3795 et
1120 3751 1365 3806 perficitur.

301 3813 398 3859 129
429 3814 658 3874 Imayim's
687 3815 831 3862 Solis.-
861 3815 979 3861 forte
1010 3829 1143 3872 quam
1176 3815 1222 3861 in
1252 3815 1384 3861 Luna
1415 3821 1464 3861 ut
1493 3817 1535 3861 in
1570 3818 1753 3874 speculo
1785 3819 2028 3866 intuentur.
