2652 4088
945 198 1235 247 Astronomia
1263 193 1471 245 Lunaris.
2251 195 2320 258 33

239 350 428 407 Multae
477 359 729 419 praeterea
782 357 1038 402 occurrunt
1088 350 1421 413 difficultateS‚
1471 365 1592 414 quas
1639 347 1839 414 longum
1889 355 2018 401 esset
2053 365 2322 406 recensere.

67 430 223 480 Nobis
260 431 382 479 nihil
421 428 679 478 admodum
719 428 882 476 evenit
918 425 1049 475 mali.
1114 425 1363 474 Tenebras
1403 427 1529 473 enim
1556 423 1780 486 TelluriS‚
1822 439 1969 488 quam
2005 425 2182 489 longae
2210 426 2323 476 illae

68 510 196 566 sunt,
237 504 486 554 confertim
512 502 838 550 inhabitamus
851 495 937 564 80),
978 513 1104 562 quae
1131 500 1215 547 ubi
1242 498 1574 547 Levaniam
1614 500 1876 561 attigerint,
1915 505 2110 562 praesto
2139 514 2322 562 sumuS,

69 578 210 639 quasi
250 592 309 626 ex
348 579 464 625 navi
500 577 551 623 in
587 582 763 622 terram
802 567 1252 638 exscendentes⁸¹)‚
1307 577 1355 621 et
1391 573 1461 620 ibi
1498 586 1587 620 nos
1633 586 1837 635 propere
1883 573 1933 619 in
1980 573 2239 636 speluncas
2279 579 2328 622 et

66 650 177 698 loca
215 651 475 699 tenebrosa
511 642 871 710 recipimusffl),
911 660 972 694 ne
1010 659 1099 693 nos
1126 644 1211 693 Sol
1248 646 1298 692 in
1324 650 1493 708 aperto
1531 645 1681 708 paulo
1720 650 1833 708 post
1860 646 2117 695 obruturus
2158 652 2327 710 optato

69 722 338 772 diversorio
379 723 542 785 ejiciat
577 721 897 781 umbramque
945 717 1270 767 discedentem
1318 720 1509 781 insequi
1549 713 1796 783 eogatssss).
1847 717 2040 767 Dantur
2078 721 2146 768 ibi
2185 720 2328 769 nobis

66 796 293 845 induciae
343 791 719 845 exercendorum
769 792 1070 854 ingeniorum
1121 806 1180 840 ex
1218 793 1366 840 animi
1405 794 1667 854 sententia,
1726 792 2016 841 conserimus
2068 807 2177 841 cum
2222 794 2328 856 ejus

67 870 349 933 provinciae
389 867 705 915 daemonibus
744 866 963 928 initaque
1002 866 1252 926 societate,
1294 864 1375 912 ubi
1402 867 1612 928 primum
1635 864 1771 913 locus
1796 865 1909 914 Sole
1950 881 2110 915 carere
2150 881 2328 929 coepe-

69 944 132 991 rit
148 939 242 1009 3⁴),
278 942 459 1004 junctis
487 940 763 1002 agminibus
801 940 849 986 in
875 938 1094 986 umbram
1123 939 1466 1001 exspatiamur,
1507 943 1555 986 et
1592 939 1631 986 si
1672 938 1757 986 illa
1796 953 2025 987 mucrone
2051 954 2156 996 suc,
2199 939 2331 1001 quod

70 1015 356 1079 plerumque
395 1013 450 1061 fit
465 1008 557 1075 8⁵),
595 1011 840 1061 Tellurem
877 1011 1034 1069 feriat,
1073 1011 1234 1059 Terris
1275 1016 1321 1058 et
1360 1025 1450 1059 nos
1489 1012 1637 1059 sociis
1677 1012 1966 1059 exercitibus
1991 1013 2332 1075 incumbimuS,

71 1087 203 1151 quod
242 1102 339 1135 non
378 1086 501 1135 alias
539 1085 681 1133 nobis
718 1084 847 1146 licet,
890 1099 1035 1147 quam
1076 1098 1184 1132 cum
1211 1083 1374 1133 Solem
1413 1084 1634 1133 homines
1675 1083 1885 1133 viderint
1923 1083 2142 1134 deficere.
2205 1085 2335 1135 Hinc

74 1163 254 1221 evenit,
292 1167 348 1209 ut
385 1159 600 1208 defectus
639 1157 769 1207 Solis
808 1157 932 1207 adeo
972 1152 1341 1223 metuanturssfi).

242 1232 406 1296 Atque
442 1232 565 1281 haec
603 1231 662 1281 de
700 1232 870 1280 itinere
909 1233 959 1277 in
997 1230 1267 1279 Levaniam
1306 1230 1437 1278 dicta
1475 1235 1649 1278 sunt0.'
1700 1229 1944 1294 Sequitur,
1984 1237 2040 1279 ut
2079 1231 2138 1279 de
2176 1232 2332 1294 ipsius

68 1307 347 1370 provinciae
374 1307 530 1356 forma
555 1304 737 1366 dicam,
778 1318 977 1354 exorsus
1015 1319 1149 1353 more
1192 1303 1583 1367 geographorum
1623 1304 1685 1352 ab
1724 1306 1810 1368 iis,
1852 1319 1980 1367 quae
2021 1305 2223 1354 coelitus
2263 1305 2335 1353 illi

71 1382 315 1431 eveniunt.

243 1453 350 1502 Etsi
387 1451 600 1501 siderum
637 1450 844 1500 fixorum
881 1455 1108 1513 aspectus
1146 1455 1251 1499 tota
1282 1450 1504 1499 Levania
1551 1450 1702 1499 habet
1751 1451 2005 1499 nobiscum
2044 1447 2336 1517 eosdemffl),

70 1531 231 1575 motus
271 1533 431 1575 tamen
469 1525 778 1589 planetarum
818 1530 865 1573 et
905 1525 1202 1586 quantitates
1243 1524 1304 1572 ab
1332 1525 1407 1585 iis,
1451 1538 1572 1586 quas
1597 1538 1686 1572 nos
1712 1523 1792 1572 hic
1826 1524 2063 1586 videmUS‚
2107 1525 2338 1573 observat

74 1599 444 1659 diversissimas,
487 1597 610 1647 adeo
649 1604 703 1646 ut
741 1598 887 1662 plane
926 1597 1025 1646 alia
1064 1599 1128 1644 sit
1166 1599 1317 1646 totius
1356 1597 1486 1660 apud
1525 1599 1658 1660 ipsos
1698 1600 2023 1646 astronomiae
2063 1600 2203 1647 ratic.

245 1671 669 1736 Quemadmodum
705 1673 854 1735 igitur
891 1670 1160 1734 geographi
1196 1672 1349 1719 nostri
1389 1671 1555 1720 orbem
1582 1670 1759 1720 Terrae
1788 1670 2014 1719 dividunt
2046 1673 2093 1718 in
2125 1674 2338 1734 quinque

70 1760 219 1795 zonas
267 1753 464 1810 propter
511 1746 848 1809 phaenomena
898 1745 1152 1806 coelestia,
1205 1747 1275 1793 sic
1314 1744 1535 1793 Levania
1585 1759 1644 1792 ex
1701 1744 1892 1793 duobus
1941 1750 2130 1793 constat
2179 1745 2339 1794 hemi-

70 1819 307 1882 sphaeriis
322 1815 431 1888 3³),
471 1834 568 1868 uno
608 1819 983 1879 subvolvarum,
1024 1818 1176 1866 altero
1215 1812 1657 1882 privolvarumffl),
1699 1833 1905 1881 quorum
1942 1817 2063 1866 illud
2102 1826 2338 1882 perpetuo

72 1893 245 1942 fruitur
282 1908 374 1942 sua
411 1892 589 1954 volva,
646 1907 771 1955 quae
811 1897 885 1941 est
921 1891 1017 1939 illis
1055 1893 1164 1940 vice
1200 1898 1395 1940 nostrae
1435 1891 1630 1952 Lunae,
1682 1891 1775 1940 hoc
1819 1906 1934 1941 vero
1974 1891 2167 1941 Volvae
2220 1906 2341 1941 con-

72 1975 242 2030 spectu
290 1968 339 2013 in
388 1973 639 2016 aeternum
690 1968 910 2030 privatur
927 1959 1011 2028 ⁹⁰).
1101 1964 1164 2012 Et
1213 1964 1420 2014 circulus
1485 1965 1844 2027 hemisphaeria
1895 1964 2119 2014 dividens
2189 1967 2341 2014 instar

74 2042 229 2089 nostri
268 2039 418 2088 coluri
458 2040 775 2088 solstitiorum
814 2053 900 2102 per
936 2038 1077 2101 polos
1115 2038 1282 2086 mundi
1319 2040 1492 2087 transit
1531 2038 1904 2101 appellaturque
1944 2033 2230 2103 divisorffl).

254 2111 394 2174 Quae
430 2114 581 2175 igitur
619 2115 810 2176 utrique
849 2117 962 2160 sunt
1001 2114 1276 2160 communia
1312 2111 1685 2175 hemisphaeriO,
1724 2114 1879 2175 primo
1917 2111 2026 2161 loco
2067 2111 2337 2175 explicabO.

72 2184 245 2248 Itaque
283 2186 503 2235 Levania
540 2191 645 2234 tota
690 2185 1051 2235 vicissitudines
1089 2188 1238 2234 sentit
1276 2184 1371 2233 diei
1411 2191 1459 2234 et
1505 2187 1661 2234 noctis
1710 2192 1764 2233 ut
1813 2199 1902 2233 nos
1917 2181 2008 2248 9²),
2049 2185 2135 2234 sed
2175 2191 2339 2234 carent

75 2257 146 2305 illi
201 2258 296 2308 hac
350 2266 517 2308 nostra
566 2274 728 2308 annua
766 2260 1003 2308 varietate
1053 2263 1157 2307 toto
1207 2254 1443 2326 anno93).
1531 2259 1625 2308 Per
1675 2264 1828 2306 totam
1890 2261 2015 2307 enim
2068 2258 2339 2308 Levaniam

74 2338 349 2395 aequantur
399 2332 502 2382 dies
552 2333 651 2381 fere
702 2333 951 2393 noctibus,
1007 2333 1099 2379 nisi
1140 2331 1271 2394 quod
1308 2331 1544 2395 privolvis
1590 2332 1876 2394 regulariter
1924 2334 2079 2380 omnis
2119 2332 2222 2382 dies
2262 2338 2336 2381 est

74 2404 268 2461 brevior
314 2420 405 2454 sua
453 2412 626 2467 nocte,
667 2405 924 2454 subvolvis
971 2401 1268 2468 longiorffl).
1352 2403 1482 2467 Quid
1534 2411 1698 2454 autem
1743 2420 1829 2469 per
1881 2407 2133 2454 circuitum
2180 2420 2341 2455 anno-

76 2492 183 2526 rum
222 2483 252 2528 8
295 2481 533 2540 varietur,
576 2479 698 2528 infra
738 2481 826 2528 erit
865 2478 1138 2528 dicendum.
1215 2478 1317 2528 Sub
1356 2486 1563 2541 utroque
1602 2493 1718 2528 vero
1757 2478 1981 2542 polorum
2018 2481 2069 2526 in
2108 2494 2342 2542 compen-

76 2552 315 2601 sationem
351 2554 509 2602 noctis
547 2551 634 2601 Sol
672 2552 899 2601 dimidius
940 2553 1141 2614 tegitur,
1182 2551 1411 2600 dimidius
1450 2552 1605 2614 lucet,
1660 2560 1849 2602 montes
1902 2553 2080 2602 circulo
2132 2555 2340 2602 circum-

77 2620 285 2688 iensW’).
358 2626 461 2674 Nec
517 2627 645 2675 enim
699 2627 859 2676 minus
898 2625 1120 2675 Levania
1178 2628 1280 2674 suis
1317 2625 1490 2674 incolis
1529 2627 1730 2675 immota
1782 2632 1909 2675 stare
1958 2626 2175 2689 videtur,
2230 2641 2341 2675 cur-

78 2699 295 2748 rentibus
332 2700 501 2761 astris‚
554 2714 700 2762 quam
738 2699 890 2749 Terra
941 2707 1107 2748 nostra
1155 2700 1296 2748 nobis
1345 2696 1720 2762 hominibus90').
1796 2700 1907 2748 Nox
1948 2707 1996 2749 et
2041 2700 2146 2750 dies
2181 2699 2343 2763 juncti

79 2779 293 2835 aequant
331 2787 480 2820 unum
518 2787 577 2821 ex
614 2773 914 2821 nostratibus
965 2773 1237 2821 mensibus:
1293 2774 1472 2835 quippe
1511 2772 1626 2822 Sole
1679 2774 1858 2822 orituro
1905 2788 2046 2823 mane
2098 2775 2340 2835 integrum

79 2828 178 2894 fere
216 2845 406 2894 zodiaci
455 2846 647 2908 signum
684 2845 917 2909 postridie
967 2845 1078 2910 plus
1130 2854 1334 2908 apparet
1384 2861 1530 2908 quam
1577 2845 1731 2908 pridie
1751 2840 1834 2909 9⁷).
1911 2848 1974 2895 Et
2011 2852 2066 2895 ut
2110 2848 2253 2895 nobis
2291 2848 2340 2894 in

81 2930 178 2966 uno
216 2933 343 2967 anno
385 2923 487 2968 365
527 2918 667 2968 Soles
707 2926 754 2969 et
791 2924 892 2968 366
933 2919 1170 2982 sphaerae
1208 2919 1427 2980 fixarum,
1468 2935 1552 2968 seu
1579 2922 1845 2982 praecisius
1885 2922 1932 2967 in
1975 2925 2005 2969 4
2035 2923 2172 2969 annis
2203 2925 2338 2969 1461

24 3003 28 3040 ἰ
64 2988 237 3112 ἔωθε,
276 2991 362 3040 sed
405 2996 541 3042 1465
583 2992 821 3055 sphaerae
859 2992 1062 3041 fixarum
1101 2992 1389 3054 volvuntur,
1441 2995 1511 3042 sic
1558 2992 1653 3040 illis
1691 2994 1741 3040 in
1780 3007 1876 3041 uno
1923 3008 2049 3042 anno
2089 2993 2175 3042 Sol
2216 2993 2343 3042 duo-

26 3075 30 3111 ἰ
116 3065 259 3125 ecies,
298 3065 506 3128 sphaera
543 3065 747 3114 fixarum
783 3065 1017 3116 tredecies
1043 3082 1130 3116 seu
1157 3068 1423 3129 praecisius
1461 3068 1510 3114 in
1552 3070 1579 3115 8
1623 3068 1762 3114 annis
1802 3066 1888 3115 Sol
1929 3063 2066 3128 99¹2&
2106 3066 2343 3129 sphaerae

27 3147 31 3181 ι
81 3134 285 3185 fixarum
324 3140 503 3187 centies
541 3141 721 3202 septies
749 3141 981 3188 circumit.
1036 3139 1134 3189 Sed
1168 3139 1452 3188 familiarior
1490 3145 1565 3189 est
1604 3141 1721 3202 ipsis
1753 3139 1957 3188 circulus
1996 3155 2231 3189 annorum
2261 3140 2340 3188 19.

28 3214 31 3259 ¹,
82 3206 275 3259 Etenim
313 3212 360 3257 in
399 3218 471 3259 tot
508 3214 647 3261 aunis
689 3213 774 3261 Sol
814 3215 962 3261 oritur
1001 3212 1249 3263 ducenties
1288 3214 1449 3262 tricies
1490 3215 1771 3276 quinquies,
1823 3213 1949 3261 fixae
2001 3227 2116 3262 vero
2157 3211 2341 3261 ducen-

84 3282 178 3332 ties
218 3284 538 3346 quinquagies
578 3281 849 3349 quater93).

261 3353 424 3404 Oritur
461 3357 548 3406 Sol
585 3358 934 3407 subvolvarum
970 3357 1143 3408 mediis
1183 3372 1271 3406 seu
1306 3359 1503 3419 intimis,
1545 3357 1740 3421 quando
1776 3358 1916 3406 nobis
1945 3361 2146 3421 apparet
2171 3357 2344 3408 ultima

34 3451 38 3473 ι
88 3427 287 3491 quadra,
326 3429 655 3491 privolvarum
697 3446 811 3481 vero
852 3434 1031 3480 intimis
1070 3439 1200 3492 tunc,
1242 3432 1437 3493 quando
1473 3432 1615 3480 nobis
1654 3437 1727 3479 est
1764 3432 1918 3493 prima
1946 3430 2143 3494 quadra.
2206 3430 2344 3493 Quae

34 3500 40 3557 ‘t
85 3507 255 3578 ‘utem
294 3500 353 3550 de
389 3500 670 3553 meditulliis
707 3505 841 3566 dicO,
886 3504 945 3554 de
982 3506 1097 3554 totis
1136 3506 1450 3554 semicirculis
1490 3503 1806 3566 intelligenda
1844 3509 1956 3551 sunt
1993 3519 2078 3567 per
2115 3503 2255 3567 polos
2298 3510 2345 3554 et

36 3590 42 3622 ι
169 3573 361 3623 ditullia
399 3574 582 3637 ductis,
635 3575 700 3626 ad
738 3578 997 3628 divisorem
1036 3579 1205 3638 rectis,
1256 3592 1379 3641 quos
1430 3576 1761 3627 semicirculos
1801 3576 2133 3627 medivolvani
2171 3578 2344 3642 appel-

36 3647 42 3700 1
143 3661 192 3697 re
230 3649 389 3711 possis
404 3642 489 3710 ⁹⁹).

39 3712 41 3718 ’
265 3720 354 3769 Est
390 3727 552 3770 autem
592 3720 796 3771 circulus
834 3722 1011 3786 aliquis
1051 3724 1174 3772 inter
1212 3722 1354 3787 polos
1393 3721 1728 3784 intermedius,
1780 3723 1935 3772 vicem
1985 3739 2157 3787 gerens
2195 3727 2345 3774 nostri

42 3824 44 3826 -
94 3796 372 3855 aequatoris
410 3795 659 3852 terrestris,
699 3809 796 3856 quo
835 3798 979 3845 etiam
1008 3798 1200 3845 nomine
1229 3795 1588 3858 indigetabitur,
1629 3795 1850 3845 bifariam
1879 3811 2051 3846 secans
2090 3805 2188 3847 tam
2217 3798 2345 3847 divi-

42 3880 47 3934 ῃ
97 3876 274 3927 sorem,
322 3881 467 3929 quam
505 3865 899 3917 medivolvanum
944 3871 991 3916 in
1031 3870 1222 3932 punctis
1272 3870 1532 3932 oppositis,
1591 3870 1667 3918 cui
1707 3883 2024 3933 quaecunque
2076 3872 2186 3922 loca
2225 3873 2345 3920 sub-

46 3959 49 3972 ·
97 3943 232 3999 sunt,
287 3953 452 3989 eorum
503 3942 734 3990 verticem
770 3940 857 3991 Sol
895 3956 1041 4004 quam
1078 3945 1294 4006 proxime
1348 3941 1563 4006 quotidie
1602 3948 1649 3992 et
1685 3945 1900 4006 praecise
1941 3944 2136 4007 quidem
2175 3945 2346 3995 diebus

182 4020 338 4066 xeplerr
361 4023 485 4065 opera
505 4024 608 4060 VILI.
1975 4029 2001 4073 3
