2652 4088
324 193 356 252 5
361 194 397 252 4
1242 183 1274 230 J
1276 183 1434 232 oannis
1463 184 1652 244 Kepleri

324 340 491 386 Terrae
520 334 684 381 educta
711 346 796 391 per
823 332 1010 381 limitem
1041 342 1182 376 zonae
1212 329 1410 375 torridae
1431 334 1477 376 et
1495 330 1682 380 zodiaco
1710 345 1950 379 occurrens
1981 333 2027 378 in
2059 332 2279 379 alterutro
2307 339 2576 392 punctorum

324 401 651 455 solstitialium,
684 405 810 446 secat
837 411 967 446 axem
1000 398 1168 443 Terrae
1197 397 1255 441 ad
1288 396 1477 449 angulos
1506 398 1788 456 inaequales3
1831 405 2006 444 secaret
2036 399 2173 454 igitur
2201 400 2336 446 etiam
2365 402 2467 458 ejus
2494 416 2572 460 pa·

323 468 530 515 rallelum
568 478 699 510 axem
727 465 886 510 Lunae
925 463 983 508 ad
1024 461 1206 506 eosdem
1249 461 1463 518 angulos;
1505 476 1643 519 quare
1681 471 1789 511 tunc
1829 463 1945 508 alter
1972 463 2179 525 polorum
2209 465 2367 513 Lunae
2397 474 2575 524 pateret
2650 507 2652 509 ,

326 530 588 588 conspectui
621 539 779 577 nostro
810 537 858 574 et
887 528 931 572 in
964 528 1175 583 opposita
1205 534 1337 584 parte
1367 528 1472 572 anni
1504 530 1755 587 oppositus.
1816 529 1914 575 Hoc
1944 544 2046 575 cum
2084 545 2175 578 non
2204 540 2444 590 appareat,
2484 549 2575 583 non

323 598 460 654 igitur
489 594 566 639 axi
597 594 768 640 Terrae
797 592 1043 650 parallelus
1075 598 1148 637 est
1176 594 1275 640 axis
1306 593 1428 648 globi
1456 594 1628 652 Lunae,
1659 596 1738 644 sed
1770 595 1905 640 rectis
1935 602 2156 652 perpetuo
2187 597 2366 653 angulis
2397 606 2579 644 secatur
2647 597 2652 606 ⁴

324 678 352 711 a
382 663 499 714 linea
531 674 589 705 ex
608 664 766 706 centro
789 660 973 705 Terrae.
1013 658 1119 704 Non
1149 658 1285 715 igitur
1314 658 1359 703 in
1390 658 1469 704 illa
1488 666 1658 717 puncta
1676 660 1832 715 tendit,
1864 661 1912 706 in
1933 675 2050 718 quae
2071 662 2169 707 axis
2191 663 2374 711 Terrae.
2414 665 2580 712 Tendit

324 742 428 776 vero
457 727 557 772 axis
589 727 757 777 Terrae
788 726 835 770 in
865 724 1009 782 polos,
1041 736 1155 779 quos
1186 723 1374 769 dicimus
1405 725 1582 784 mnndi3
1614 739 1703 771 non
1733 726 1870 783 igitur
1898 728 1943 774 in
1975 728 2077 773 illos
2107 728 2255 774 tendit
2284 730 2383 777 axis
2406 732 2579 780 Lunae,

496 793 597 839 130.
627 792 727 841 Poli
759 790 1063 838 conversionis
1095 796 1141 835 et
1171 790 1608 847 circumgestationis
1639 798 1898 838 menstruae
1927 793 2049 850 globi
2078 795 2238 840 Lunae
2267 809 2357 842 non
2390 803 2498 844 sunt
2525 798 2580 843 ii-
2644 815 2652 827 >·

323 858 425 908 dem
464 871 567 903 cum
606 857 724 914 polis
766 856 1023 913 eclipticae‚
1065 856 1146 901 sed
1177 857 1457 903 circumeunt
1487 855 1553 905 illi
1581 856 1667 907 hos
1697 857 1743 902 in
1774 857 1988 916 cii-cellis,
2032 875 2222 917 quornm
2261 863 2581 910 semidiametri

326 925 500 975 habent
519 925 572 972 5⁹
600 930 648 973 et
664 923 908 970 absolvunt
937 935 1077 972 unum
1098 922 1333 975 circuitum
1364 914 1409 966 ih
1440 922 1753 969 antecedentia
1772 925 1921 981 spatio
1945 927 1998 973 19
2018 940 2254 986 annorum,
2286 934 2338 974 ut
2358 929 2580 986 sequitur.
2647 942 2652 950 ²

330 990 441 1034 Cum
473 1002 580 1044 ergo
611 1003 639 1038 a
667 988 786 1046 polis
816 988 1052 1045 eclipticas
1082 1002 1173 1036 non
1204 987 1324 1033 ultra
1353 990 1404 1034 5⁰
1436 988 1692 1045 discedant,
1717 989 1823 1045 jure
1854 991 2004 1038 eirca
2031 991 2135 1039 illos
2165 1006 2266 1039 esse
2295 993 2508 1040 dicuntur
2536 999 2583 1040 et
2650 1015 2652 1018 ⁴

331 1054 398 1101 sic
427 1054 566 1101 etiam
594 1054 717 1100 circa
746 1052 851 1099 illas
880 1052 1011 1110 fixas,
1043 1067 1161 1111 quae
1192 1061 1299 1100 sunt
1326 1054 1532 1111 polorum
1562 1054 1798 1112 eclipticas
1827 1055 2013 1106 indices.

498 1121 603 1171 131.
636 1121 738 1167 Etsi
760 1122 892 1170 Luna
921 1121 992 1166 sui
1022 1121 1319 1169 translatione
1342 1119 1555 1169 describit
1585 1120 1790 1178 orbitam,
1822 1121 1879 1171 de
1907 1121 2039 1178 cujus
2068 1123 2186 1180 polis
2218 1124 2405 1181 agimus,
2437 1125 2581 1171 omnis

325 1201 432 1235 vero
471 1188 626 1232 circuli
666 1188 889 1244 sphaerae
927 1186 1109 1231 maximi
1146 1186 1239 1243 poli
1275 1186 1493 1243 perfectis
1531 1199 1710 1243 semper
1751 1188 2079 1243 quadrantibus
2121 1188 2291 1235 distant
2331 1203 2359 1234 a
2395 1190 2581 1236 circum-

323 1253 547 1299 ferentiae
566 1253 773 1309 partibus
794 1252 1017 1305 omnihus,
1049 1257 1247 1298 attamen
1270 1251 1416 1296 orbita
1436 1252 1592 1297 Lunae
1613 1266 1703 1298 non
1727 1260 1799 1301 est
1822 1254 2016 1299 circulus
2037 1255 2290 1312 perfectus:
2321 1256 2367 1302 in
2398 1257 2581 1314 quadris

325 1319 446 1371 enim
475 1320 702 1366 auctiores
733 1326 839 1368 sunt
868 1319 1132 1368 latitudines
1153 1319 1291 1375 hujus
1313 1318 1508 1375 orbitae,
1539 1319 1629 1364 hoc
1658 1325 1729 1364 est
1755 1320 1955 1366 excurrit
1984 1320 2063 1365 illa
2083 1321 2262 1376 longius
2283 1335 2441 1369 versus
2460 1337 2582 1380 snos,
2649 1356 2652 1360 «

329 1398 444 1442 quos
476 1386 688 1430 observat
715 1385 760 1429 in
783 1383 973 1441 copulis,
1003 1383 1149 1441 polos,
1181 1390 1318 1442 atque
1347 1384 1412 1430 ita
1440 1397 1531 1434 non
1560 1384 1694 1441 plane
1723 1389 1833 1430 tunc
1861 1385 2038 1443 integro
2071 1386 2343 1445 quadrante,
2375 1392 2456 1436 sed
2486 1390 2583 1436 fere
2649 1443 2652 1446 Α

327 1450 583 1508 quadrante
620 1451 752 1496 abest
789 1449 848 1494 ab
886 1449 976 1496 illis
1016 1450 1282 1507 copularum
1321 1450 1452 1507 polis.
1511 1449 1624 1494 Tale
1663 1456 1816 1496 autem
1852 1451 1939 1496 iter
1967 1453 2125 1499 Lunae
2164 1451 2419 1501 flexuosum
2461 1456 2584 1502 circa

328 1516 517 1563 Terram
559 1515 684 1562 velut
713 1515 987 1562 immobilem
1017 1516 1064 1561 in
1095 1522 1250 1561 centro
1287 1515 1443 1562 mundi
1472 1516 1504 1560 ii
1532 1516 1612 1573 qui
1641 1516 1818 1562 Lunam
1847 1516 2051 1563 incolunt
2082 1518 2402 1575 imaginatione
2433 1521 2582 1578 quies-

327 1583 470 1631 centis
501 1596 611 1629 suae
642 1583 762 1632 sedis
793 1583 1077 1632 transferunt
1106 1584 1152 1628 in
1184 1583 1303 1629 hanc
1333 1583 1535 1640 Terram,
1567 1596 1695 1628 suam
1727 1595 1790 1629 sc.
1823 1583 2024 1628 Volvam.

503 1649 603 1696 132.
633 1649 818 1694 Dictum
849 1654 920 1693 est
948 1655 1059 1698 nota
1081 1650 1181 1701 127,
1216 1661 1391 1696 omnem
1424 1649 1644 1695 circulum
1673 1650 1930 1706 maximum,
1961 1650 2039 1706 qui
2068 1664 2151 1709 per
2172 1651 2359 1697 Volvam
2390 1651 2584 1712 ducitur,
2647 1651 2652 1703 ,ἶ

326 1715 418 1761 frui
446 1728 502 1760 ea
532 1714 751 1762 immobili
771 1720 818 1759 et
837 1713 1002 1770 gradus
1033 1714 1133 1771 ejus
1162 1713 1366 1760 diversos
1392 1714 1570 1760 diversa
1588 1714 1762 1760 Volvae
1783 1715 2021 1760 altitudine
2043 1716 2274 1774 distingui.
2323 1719 2410 1766 Est
2434 1726 2586 1766 autem
2647 1721 2652 1724 ’

323 1782 443 1828 inter
480 1780 671 1829 circulos
707 1779 926 1825 maximos
962 1784 1010 1824 et
1036 1779 1140 1837 ille,
1183 1780 1260 1836 qni
1290 1780 1464 1828 medius
1504 1781 1623 1827 inter
1662 1781 1793 1839 polos
1822 1783 1979 1829 Lunae
2023 1783 2192 1829 incedit
2245 1785 2302 1830 ab
2345 1799 2509 1833 occasu
2539 1789 2585 1833 in
2643 1806 2652 1844 Α,-

326 1854 489 1893 ortum.
554 1846 703 1902 Quare
735 1848 872 1891 etiam
901 1845 948 1890 in
978 1846 1057 1891 illo
1089 1847 1186 1892 fieri
1218 1848 1389 1904 poterit
1418 1846 1648 1893 distinctio
1677 1848 1882 1894 locorum
1913 1848 2158 1894 secundum
2190 1849 2354 1906 gradus
2387 1852 2586 1897 altitudi-
2644 1851 2652 1912 l

326 1912 400 1961 nis
430 1910 600 1962 Volvae
628 1911 676 1957 in
704 1924 917 1959 occasum
949 1912 1019 1958 vel
1052 1919 1213 1960 ortum.
1258 1914 1388 1962 Haec
1416 1926 1524 1961 vero
1553 1919 1626 1959 est
1655 1912 1912 1961 differentia
1940 1914 2302 1974 meridianorum,
2334 1929 2416 1963 seu
2445 1917 2587 1976 longi·
2644 1915 2652 1943 ¹

324 1976 509 2024 tudinis.
2640 2015 2643 2017 .

503 2044 600 2091 133.
632 2043 734 2090 Poli
754 2043 937 2100 quidem
967 2043 1193 2093 lunarium
1223 2043 1417 2090 altitudo
1447 2044 1605 2090 eadem
1635 2044 1773 2090 habet
1802 2045 2133 2092 observationis
2165 2046 2438 2094 adminicula
2473 2061 2590 2106 quae
2638 1949 2652 2095 i

324 2111 372 2158 in
401 2110 577 2166 Terris,
618 2118 699 2156 aut
735 2123 826 2156 non
857 2109 1000 2155 multo
1034 2110 1221 2156 diversa.
1282 2109 1408 2155 Haec
1437 2109 1629 2157 altitudo
1660 2110 1754 2166 poli
1785 2116 1938 2167 potest
1967 2111 2026 2157 ad
2063 2111 2348 2158 latitudinem
2384 2112 2587 2160 locorum
2641 2098 2652 2174 ξ

326 2175 494 2222 servire
526 2175 776 2234 aequaliter
806 2176 892 2221 sub
924 2175 1134 2222 omnibus
1164 2173 1448 2232 meridianis,
1480 2176 1588 2233 quia
1617 2189 1774 2226 omnes
1804 2177 1850 2225 in
1882 2177 2001 2235 polis
2032 2176 2258 2224 lunarium
2289 2186 2586 2226 concurrunt:
2642 2179 2652 2218 ξ’

326 2248 375 2290 at
403 2242 574 2288 Volvae
603 2241 796 2290 altitudo
826 2241 1154 2288 observationis
1186 2242 1367 2300 quidem
1398 2241 1760 2299 parabilissimae
1789 2249 1883 2300 est,
1915 2257 2007 2293 non
2037 2248 2189 2288 tamen
2218 2243 2426 2289 omuibus
2455 2243 2587 2290 meri-
2641 2236 2652 2283 ,⁸-

327 2308 474 2355 dianis
506 2321 564 2353 ex
593 2321 739 2364 aequo
771 2307 908 2352 servit
939 2307 997 2352 ad
1031 2307 1396 2355 constituendam
1424 2307 1713 2356 latitudinem
1742 2308 1844 2356 loci.
1885 2307 1981 2356 Sub
2013 2308 2114 2357 solo
2145 2308 2262 2354 enim
2283 2309 2429 2356 medio
2456 2312 2587 2357 meri..
2630 2294 2652 2364 i

326 2373 562 2418 dianorum
593 2374 790 2418 omnium
821 2372 914 2429 illo,
945 2373 1023 2430 qui
1054 2386 1136 2430 per
1155 2373 1343 2418 Volvam
1365 2380 1587 2431 perpetuo
1619 2373 1811 2428 ducitur,
1843 2375 1888 2423 in
1921 2373 2021 2419 solo
2048 2372 2151 2430 eius
2182 2374 2478 2431 semicirculo,
2507 2376 2586 2434 qui
2638 2352 2652 2459 ἱ

325 2439 498 2484 medios
538 2439 840 2485 subvolvanos
882 2439 1061 2494 dividit,
1105 2439 1207 2496 ipsa
1237 2437 1407 2484 Volvae
1447 2438 1639 2487 altitudo
1686 2439 1839 2490 statim
1875 2438 2029 2499 prodit
2066 2444 2112 2485 et
2151 2438 2434 2486 latitudinem
2474 2440 2560 2485 loci
2572 2458 2583 2498 ;
2639 2464 2646 2470 -

327 2511 460 2549 extra
490 2504 614 2550 hunc
642 2518 750 2550 vero
791 2504 1087 2550 meridianum
1125 2504 1388 2561 primarium
1427 2503 1484 2549 ad
1525 2504 1810 2550 altitudinem
1843 2504 2014 2551 Volvae
2042 2503 2179 2549 debet
2210 2504 2424 2551 accedere
2454 2518 2585 2563 argu·
2637 2487 2652 2559 i

328 2572 567 2628 mentatio,
609 2572 862 2630 adjungens
904 2570 1233 2626 elongationem
1265 2570 1363 2626 ejus
1396 2582 1422 2613 a
1451 2569 1699 2616 meridiano
1730 2570 1967 2627 primario,
1999 2570 2121 2628 quali
2152 2570 2322 2618 utimur
2349 2584 2582 2629 argumen·
2631 2581 2647 2618 i

333 2639 529 2695 tatione,
562 2651 662 2682 cum
695 2651 751 2682 ex
783 2637 1021 2682 altitudine
1053 2635 1172 2680 Solis
1204 2635 1251 2680 in
1281 2635 1566 2691 aequinoctio
1598 2635 1856 2688 constituti,
1892 2636 1973 2683 sed
2005 2643 2135 2684 extra
2164 2637 2460 2683 meridianum
2490 2650 2587 2683 ver·
2641 2632 2646 2644 ⁶

335 2702 496 2760 santis,
527 2702 851 2760 investigamus
882 2700 1166 2747 altitudinem
1197 2701 1341 2749 nostri
1370 2701 1678 2747 terricolarum
1709 2701 1814 2758 poli.

502 2770 600 2816 134.
630 2770 863 2814 Habemus
892 2767 1075 2826 quidem
1106 2766 1300 2824 eclipses
1331 2773 1377 2812 et
1407 2766 1734 2824 applicationes
1763 2766 1922 2812 Lunae
1952 2767 2010 2812 ad
2040 2768 2172 2823 fixas,
2204 2769 2286 2816 sed
2307 2781 2362 2814 ea
2381 2771 2454 2815 est
2474 2781 2583 2826 ope·
2638 2780 2645 2802 ’-

329 2849 436 2886 rosa
477 2835 608 2883 valde
650 2839 697 2881 et
732 2835 906 2881 lubrica
943 2833 1200 2878 methodus.
1258 2832 1400 2877 Porro
1441 2831 1662 2889 magnetis
1704 2829 1944 2878 declinatio
1977 2846 2004 2878 a
2032 2834 2280 2882 meridiano
2312 2841 2440 2892 tunc,
2481 2849 2584 2880 cum
2638 2882 2641 2887 ,

325 2901 644 2949 astronomiam
673 2901 877 2949 lunarem
908 2898 1164 2956 scriberem,
1195 2898 1241 2942 in
1263 2897 1413 2955 aliqua
1433 2896 1763 2943 existimatione
1794 2895 1892 2954 fuit,
1925 2900 2056 2955 quasi
2085 2900 2165 2946 illa
2195 2901 2252 2947 ad
2275 2899 2586 2947 universaliter
2637 2900 2641 2937 ἲ

326 2968 582 3026 arguendas
613 2967 813 3012 locorum
844 2965 1106 3013 latitudines
1138 2965 1198 3010 sit
1226 2969 1349 3020 apta.
1411 2963 1541 3010 Circa
1570 2963 1616 3007 id
1648 2963 1765 3007 enim
1797 2969 1975 3021 tempus
2006 2965 2208 3012 exiverat
2237 2967 2283 3013 in
2312 2966 2457 3012 lucem
2489 2967 2584 3012 Me·
2640 2960 2643 2965 ’

327 3033 543 3082 cometria
573 3033 689 3080 Galli
725 3033 976 3089 cujusdam.
1038 3031 1101 3075 At
1129 3028 1420 3086 philosophia
1449 3028 1700 3086 magnetica
1730 3028 1921 3075 Gilberti
1953 3030 2180 3076 Guilielmi
2219 3038 2267 3077 et
2307 3031 2586 3090 experientia

325 3101 485 3147 crebra
515 3098 775 3156 diligentius
805 3098 1058 3155 pensitatae
1087 3094 1240 3143 irritos
1271 3107 1349 3140 eos
1380 3100 1427 3140 et
1456 3095 1614 3140 inanes
1646 3102 1836 3141 conatus
1867 3095 2171 3144 convicerunt.
2231 3096 2335 3142 Non
2366 3099 2437 3142 est
2466 3095 2584 3142 enim
2630 3143 2637 3154 s

326 3169 476 3216 certus
506 3165 554 3210 in
587 3166 722 3222 globo
743 3165 921 3213 Terrae
949 3166 1148 3220 punctus
1180 3166 1309 3206 extra
1339 3160 1642 3219 subpolarem,
1673 3162 1731 3207 ad
1764 3174 1898 3218 quem
1929 3161 2100 3217 lingula
2128 3161 2382 3218 magnetica
2411 3161 2582 3220 annuit,

328 3231 409 3277 sed
440 3236 548 3275 sunt
578 3230 700 3275 edita
729 3235 945 3275 montana
973 3227 1169 3285 regionis
1199 3227 1435 3284 cuiusque,
1467 3227 1524 3272 ad
1554 3241 1673 3284 quae
1702 3227 1874 3283 lingula
1904 3226 2108 3272 nonnihil
2139 3228 2434 3285 prolectatur.

500 3297 603 3340 135.
635 3295 789 3340 Habes
820 3294 894 3339 hic
924 3292 1231 3352 hypotheseos
1262 3292 1504 3348 primariae
1540 3292 1885 3339 inculcationem
1916 3293 2052 3350 plena
2082 3295 2300 3340 oratione.
2361 3295 2582 3345 Nimirum
2619 3299 2622 3338 ζ

328 3362 635 3407 existimamus
656 3362 1008 3419 nosterricolae,
1041 3358 1272 3416 planitiem
1302 3358 1426 3403 illam
1448 3371 1586 3415 super
1611 3373 1744 3415 quam
1774 3358 2063 3405 consistimus
2095 3365 2142 3406 et
2171 3374 2273 3406 cum
2303 3373 2358 3406 ea
2387 3360 2505 3419 pilas
2533 3361 2582 3409 in

329 3428 528 3472 turribus
561 3433 684 3472 stare
713 3426 976 3483 immobiles,
1009 3426 1158 3472 sidera
1188 3436 1293 3469 vero
1324 3423 1518 3468 transire
1548 3423 1649 3468 illas
1670 3424 1800 3480 pilas,
1830 3425 1889 3469 ab
1909 3432 2014 3470 ortu
2033 3425 2079 3470 in
2100 3438 2313 3472 occasum
2334 3426 2580 3476 tendentia.

326 3493 389 3538 At
419 3493 505 3539 hoc
535 3494 647 3538 nihil
678 3493 865 3549 derogat
895 3492 967 3537 vel
997 3489 1265 3551 praescribit
1285 3489 1479 3535 veritati.
1524 3487 1598 3533 Sic
1619 3489 1736 3534 enim
1766 3493 1812 3533 et
1842 3489 2024 3534 lunares
2046 3497 2208 3547 putant
2228 3491 2432 3536 lunarem
2452 3504 2580 3537 suam

327 3556 558 3613 planitiem
589 3563 635 3603 et
664 3558 836 3604 Volvae
865 3558 1004 3616 pilam
1032 3558 1080 3602 in
1111 3555 1291 3600 sublimi
1322 3567 1587 3611 suspensam
1619 3567 1754 3612 super
1784 3567 1839 3601 ea
1869 3560 1990 3601 stare
2020 3557 2143 3614 loco,
2176 3570 2278 3602 cum
2310 3564 2435 3603 certo
2465 3559 2579 3604 scia-

329 3635 445 3677 mus,
478 3622 659 3668 Lunam-
685 3636 785 3670 esse
815 3637 955 3668 unum
986 3638 1043 3670 ex
1073 3622 1316 3669 mobilibus
1348 3621 1583 3666 sideribus.
1607 3618 1620 3622 ’
2620 3650 2629 3654 «

508 3690 604 3733 136.
634 3689 736 3733 Non
769 3688 824 3734 de
855 3689 1049 3735 minimis
1081 3696 1256 3735 tantum
1287 3693 1333 3739 et
1363 3686 1666 3744 inconspicuis
1698 3699 1852 3732 verum
1883 3687 1970 3734 hoc
2001 3692 2094 3745 est,
2125 3688 2206 3736 sed
2233 3689 2371 3736 etiam
2401 3690 2460 3736 de
2489 3691 2578 3738 evi·
2608 3727 2619 3733 „
2650 3737 2652 3741 ,

329 3750 541 3798 dentibus
571 3753 816 3809 primorum
848 3754 1069 3800 ordinum.
1130 3755 1217 3800 Est
1248 3756 1366 3799 enim
1400 3766 1488 3799 una
1517 3766 1609 3799 nox
1635 3753 1747 3811 ipsis
1776 3753 1914 3812 longa
1941 3762 2098 3802 noctes
2129 3762 2356 3803 nostrates
2388 3756 2575 3814 quinde-

332 3816 418 3863 cim
445 3823 493 3862 et
521 3817 568 3863 in
599 3830 653 3864 ea
682 3831 789 3875 pars
821 3820 1032 3867 vicesima
1063 3820 1221 3877 quinta
1251 3821 1306 3868 de
1335 3819 1540 3873 zodiaco,
1570 3819 1616 3865 id
1647 3825 1719 3869 est
1751 3821 1805 3867 14
1835 3821 2024 3878 gradus,
2055 3822 2240 3870 volvam
2273 3822 2484 3879 trajicere
2512 3825 2576 3870 vi·
2614 3870 2625 3881 „
2650 3849 2652 3884 ÷

333 3882 508 3940 deutur,
545 3884 652 3944 quia
680 3885 888 3935 nimirum
930 3886 977 3933 in
1007 3898 1098 3934 uno
1114 3899 1248 3937 anno
1277 3887 1432 3937 insunt
1461 3886 1520 3932 25
1549 3885 1646 3935 fere
1675 3886 1887 3937 semisses
1922 3888 2143 3938 mennam
2171 3888 2459 3938 naturalium.
2521 3889 2574 3938 In
