2652 4088
317 181 389 249 52
1019 195 1049 202 ’1
1117 180 1122 185 ”
1232 173 1422 224 Joan'nis
1451 173 1635 235 Kepleri
1701 178 1705 182 ’

320 326 436 374 tenti
467 331 620 372 centra
641 323 759 370 Solis
791 329 837 370 et
855 323 1035 380 Terrae,
1068 323 1319 381 disseparet
1349 337 1479 369 arcus
1511 324 1683 371 orbitae
1703 323 1878 379 Lunae,
1910 321 2130 379 diurnum,
2159 318 2284 367 verbi
2313 333 2451 383 cansa
2479 321 2569 381 pri-

316 394 559 448 volvarum‚
591 404 618 434 a
649 396 892 435 nocturno:
924 390 1133 445 aequatio
1165 395 1286 435 certe
1315 389 1511 434 maxima
1540 390 1697 435 Lunae
1735 389 1781 433 111
1815 387 1999 444 quadris
2030 394 2102 432 est
2131 389 2225 444 73⁰,
2257 386 2445 444 duplum
2482 389 2569 433 15⁰.

316 461 461 505 Arcus
492 459 650 515 igitur,
690 455 766 512 qui
796 467 1047 511 apogaeum
1078 453 1215 498 habet
1244 454 1289 496 in
1321 453 1390 497 sui
1419 454 1590 509 medio,
1622 453 1860 500 conficitur
1888 453 2168 508 temporibus
2204 452 2330 507 195⁰,
2362 451 2571 497 residuus

315 523 592 580 temporibus
629 522 747 566 165⁰.
807 520 907 563 Hoc
938 519 1125 575 perinde
1156 529 1239 577 est,
1271 531 1324 562 ac
1354 519 1394 562 si
1423 527 1603 564 noctem
1633 524 1883 564 nostratem
1915 518 2089 563 diceres
2118 517 2301 576 longam
2330 517 2469 563 horas
2505 517 2571 573 10,

318 592 434 637 diem
470 593 514 634 11
552 593 632 632 aut
659 585 871 630 vicissim.
932 585 1033 629 Etsi
1064 586 1175 642 ipsis
1207 594 1313 629 sunt
1345 585 1483 630 horae
1514 600 1700 632 numero
1732 585 1834 631 alio.

488 653 589 705 114.
622 653 830 698 Tarditas
862 657 932 696 est
961 665 988 695 a
1018 651 1342 696 constitutione
1373 651 1531 696 Lunae
1574 652 1623 696 in
1653 664 1881 708 apogaeo3
1922 656 1968 695 et
1996 648 2298 706 privolvarum
2328 647 2464 693 medii
2492 647 2572 692 ha·

315 722 424 765 bent
464 720 609 764 noctis
649 718 843 762 medium
885 730 937 761 eo
978 723 1200 774 tempore,
1244 731 1333 774 quo
1374 718 1504 762 nobis
1543 717 1763 762 terricolis
1801 716 2094 774 plenilunium
2135 715 2327 760 videtur.
2387 714 2435 760 Si
2465 726 2573 771 ergo

317 791 479 831 coeunt
510 785 641 829 Luna
671 784 806 840 plena
838 789 883 827 et
912 795 1184 839 apogaeum,
1223 783 1437 839 privolvis
1481 788 1550 827 est
1587 796 1678 827 nox
1721 782 1947 827 cumulate
1985 780 2142 837 longa3
2184 779 2253 824 sin
2298 792 2412 824 nova
2441 777 2575 822 Luna

314 852 361 896 in
392 863 592 907 apogaeo
623 849 698 906 fit,
743 848 954 906 privolvis
985 847 1081 894 dies
1112 850 1237 894 nocti
1266 848 1408 906 magis
1440 854 1710 904 aequantur,
1743 847 1891 893 causis
1923 847 2159 892 contrariis
2192 859 2241 891 se
2269 851 2427 890 mutuo
2458 843 2576 901 peri-²

316 917 559 962 mentibus.

493 984 592 1028 115.
628 980 674 1026 Si
705 979 902 1024 viventia
933 980 1064 1035 ponis
1096 981 1272 1025 Lunam
1303 979 1571 1036 inhabitare,
1603 978 1821 1023 concedes
1854 977 1919 1023 eis
1951 975 2261 1022 sustentandis
2294 982 2339 1020 et
2369 975 2574 1021 fovendis

316 1049 452 1093 etiam
485 1046 825 1103 evaporationes
859 1057 915 1089 ex
946 1060 1135 1102 corpore
1165 1047 1345 1101 Lunae;
1379 1060 1520 1103 vapor
1549 1059 1656 1090 vero
1685 1044 1848 1102 tenuis,
1881 1044 2048 1100 frigore
2079 1043 2425 1096 circumventus,
2457 1043 2577 1099 cogi-⁴

318 1120 394 1159 tur
422 1114 467 1157 111
500 1112 680 1156 scobem
712 1111 926 1167 nivosam,
959 1124 1077 1166 quae
1108 1111 1317 1156 formatio
1349 1118 1418 1156 est
1449 1111 1654 1168 pruinae.

492 1179 586 1224 116.
622 1178 673 1222 111
706 1178 879 1222 somnio
910 1178 1097 1222 libertas
1129 1178 1375 1234 requiritur
1415 1176 1777 1222 comminiscendi
1818 1176 2090 1232 quandoque
2129 1175 2262 1219 etiam
2294 1177 2415 1234 ejus,
2455 1173 2583 1232 quod

318 1245 364 1290 in
398 1244 606 1290 sensibus
637 1257 867 1300 nunquam
898 1243 1000 1291 fuit.
1060 1245 1130 1289 Ita
1161 1245 1233 1288 hic
1270 1257 1439 1301 ponere
1471 1251 1649 1301 oportet
1679 1251 1840 1289 ventos
1871 1244 2066 1288 existere
2099 1257 2155 1288 ex
2187 1258 2261 1301 eo,
2304 1244 2425 1301 quod
2457 1241 2582 1300 globi

323 1310 562 1356 obveniant
593 1322 729 1353 aurae
761 1310 1022 1359 aethereae,
1054 1323 1189 1366 qnam
1221 1322 1403 1353 causam
1426 1309 1607 1354 memini
1627 1323 1698 1355 me
1719 1323 1809 1353 non
1839 1309 2077 1366 repudiare
2108 1309 2155 1353 in
2177 1309 2325 1354 causis
2358 1308 2575 1362 dicendis,

319 1390 400 1422 cur
440 1382 617 1432 tempus
661 1374 927 1419 matutinum
972 1374 1179 1419 omnibus
1222 1380 1269 1418 et
1311 1373 1611 1418 animantibus
1651 1382 1696 1419 et
1735 1380 1856 1419 terra
1892 1373 2182 1419 nascentibus
2221 1375 2281 1419 sit
2317 1375 2488 1431 gratius
2528 1380 2575 1418 et
2631 1400 2634 1402 -

321 1441 566 1493 salubrius,
610 1440 807 1496 itemque
848 1453 928 1483 cur
963 1439 1009 1484 in
1050 1440 1235 1484 summis
1274 1439 1539 1497 plerumque
1576 1440 1884 1486 cacuminibus
1927 1439 2168 1493 montium,
2211 1440 2346 1485 etiam
2377 1439 2576 1485 torridae

319 1521 482 1564 zonae,
513 1506 639 1551 nives
670 1510 932 1561 perennent.

498 1575 597 1618 117.
630 1569 729 1613 Diei
771 1569 1071 1625 privolvarum
1111 1570 1261 1614 tribuo
1305 1575 1532 1615 nostrates
1580 1571 1674 1616 dies
1703 1576 1882 1615 tantum
1911 1570 1991 1628 14,
2033 1571 2155 1615 nocti
2187 1572 2263 1627 15,
2295 1572 2402 1628 quia
2432 1570 2579 1616 lineae
2644 1590 2652 1631 Ὶτ

325 1641 422 1698 AE,
456 1640 537 1684 AD
572 1653 627 1683 ex
658 1642 811 1680 centro
843 1634 960 1681 Solis
984 1640 1021 1681 A
1044 1636 1100 1681 ad
1131 1642 1386 1681 contactum
1412 1637 1464 1681 Ε.
1490 1638 1529 1681 D
1562 1637 1735 1683 orbitae
1767 1636 1938 1682 lunaris
1971 1636 2133 1682 ductae
2165 1637 2450 1694 disseparant
2479 1650 2581 1694 par·

318 1712 408 1751 tem
442 1704 540 1761 ejus
571 1702 838 1747 exteriorem
874 1701 996 1746 EGD
1028 1702 1084 1746 ab
1118 1701 1328 1746 interiore
1362 1702 1502 1757 ECD,
1536 1701 1783 1759 longiorem
1814 1702 1935 1746 illam
1968 1707 2218 1746 statuentes
2249 1702 2336 1746 ista
2365 1716 2449 1759 pro
2482 1714 2581 1746 mo-

321 1771 426 1816 dulo
471 1769 772 1826 proportionis
812 1768 1009 1825 orbium,
1049 1768 1264 1825 gradibus
1311 1768 1489 1813 circiter
1529 1777 1736 1825 quatuor.
1797 1768 1900 1813 Jam
1938 1780 2043 1812 vero
2086 1773 2183 1811 toto
2227 1779 2333 1811 arcu
2366 1765 2580 1811 exteriori

319 1835 622 1894 privolvarum
653 1833 787 1878 medii
819 1840 924 1878 sunt
954 1835 998 1878 in
1030 1836 1188 1880 umbra
1220 1835 1397 1887 Lunae,
1440 1835 1485 1878 in
1518 1835 1696 1880 duobus
1740 1848 1843 1880 vero
1882 1832 2167 1878 contactibus
2199 1833 2255 1886 E,
2285 1834 2326 1878 D
2358 1833 2502 1890 primo
2535 1837 2582 1878 et

321 1901 479 1946 ultimo
513 1901 630 1945 Solis
661 1900 799 1945 radiis
830 1899 1118 1945 illustrantur
1148 1899 1303 1957 eisque
1341 1906 1438 1944 toto
1480 1899 1685 1945 interiori
1714 1912 1824 1945 arcu
1854 1898 2026 1944 orbitae
2057 1898 2178 1944 ECD
2210 1898 2449 1955 potiuntur
2480 1901 2580 1955 (vid.

322 1972 392 2021 fig.
426 1969 462 2012 1.
494 1983 540 2023 p.
572 1970 660 2024 56).

496 2033 596 2080 118.
629 2033 878 2078 8010111011
918 2031 1058 2076 Terra
1095 2030 1299 2076 videmus
1340 2032 1592 2088 quantitate
1624 2031 1683 2077 30
1713 2029 2041 2087 scrupulorum.
2102 2029 2235 2074 Luna
2270 2029 2317 2075 in
2354 2028 2583 2075 novilunio

321 2105 449 2158 parte
490 2099 668 2143 circiter
709 2099 789 2144 59⁵
823 2098 892 2142 vel
935 2111 988 2142 eo
1027 2097 1163 2155 paulo
1206 2099 1352 2143 minus
1390 2098 1576 2155 propior
1611 2097 1663 2142 fit
1696 2097 1811 2145 Soli,
1856 2110 1990 2154 quam
2029 2108 2112 2140 nos
2151 2102 2196 2141 et
2226 2094 2366 2141 Terra
2410 2103 2582 2141 nostra.

322 2167 444 2223 Ergo
476 2165 667 2221 acquirit
699 2164 776 2209 Sol
806 2164 852 2208 in
883 2164 959 2209 illo
992 2163 1325 2219 hemisphaerio
1355 2163 1525 2220 Lunae,
1559 2163 1679 2220 quod
1710 2177 1737 2208 a
1767 2162 1872 2207 Sole
1903 2169 2010 2208 tunc
2040 2162 2330 2213 illuminatur.
2362 2173 2582 2220 apparen-

322 2233 428 2278 tiam
461 2229 638 2277 tantulo
669 2231 897 2287 majorem,
930 2231 1018 2275 boc
1050 2235 1119 2275 est
1150 2229 1333 2275 dimidio
1365 2230 1542 2275 circiter
1564 2230 1794 2288 scrupulo.
1844 2230 2031 2274 Veteres
2063 2235 2212 2273 tamen
2245 2228 2581 2286 proportionem

318 2297 460 2342 multo
492 2297 708 2342 minorem
741 2297 1028 2343 crediderunt
1057 2295 1245 2353 orbium,
1278 2309 1375 2341 eam
1408 2296 1601 2355 scilicet,
1647 2310 1764 2354 quae
1795 2302 1865 2342 est
1896 2296 2029 2340 unius
2061 2294 2118 2340 ad
2151 2294 2421 2351 octodecim,
2462 2305 2582 2351 quae

319 2362 454 2420 paulo
486 2363 633 2408 minus
665 2362 842 2407 duobus
875 2362 1098 2417 scrupulis
1131 2361 1346 2408 efficeret.

499 2429 593 2473 119.
628 2428 690 2473 Ut
722 2441 860 2485 supra
889 2432 997 2470 nota
1033 2427 1127 2472 109.
1159 2428 1294 2472 tertia
1337 2427 1505 2485 quippe
1538 2431 1668 2483 parte
1706 2427 1879 2473 tardior
1908 2426 1988 2472 Sol
2028 2431 2239 2473 censetur
2275 2426 2576 2484 privolvarum

325 2493 485 2539 mediis
516 2493 563 2537 in
595 2506 675 2537 suo
706 2493 906 2550 meridie,
939 2505 1074 2549 quam
1107 2493 1396 2538 subvolvanis
1426 2494 1472 2538 in
1506 2506 1605 2539 3110.
2044 2491 2046 2493 ’

502 2559 596 2603 120.
628 2558 794 2602 Positis
825 2557 893 2609 iis,
926 2570 1040 2612 quae
1072 2558 1305 2614 posuimus
1337 2565 1444 2602 nota
1476 2560 1573 2606 116.
1619 2560 1753 2606 Certe
1785 2560 1901 2605 enim
1931 2559 2078 2604 lenius
2108 2560 2240 2604 Luna
2269 2557 2315 2602 in
2347 2556 2577 2603 novilunio

319 2624 529 2669 atteritur
566 2623 623 2668 ad
656 2637 809 2669 auram
848 2623 1104 2669 aetheream
1147 2637 1282 2680 quam
1313 2625 1475 2680 Terra,
1518 2633 1648 2683 parte
1678 2627 1727 2685 ᾖ,
1768 2627 1914 2672 10111113
1946 2639 2079 2683 quam
2110 2626 2211 2683 ipsa
2240 2624 2286 2668 in
2315 2622 2578 2681 plenilunio,
2640 2640 2649 2666 -1

319 2698 449 2747 parte
480 2691 522 2748 a·

496 2757 590 2801 121.
623 2755 758 2801 Pene.
789 2755 986 2812 inquam,
1022 2755 1174 2812 duplo.
1237 2755 1352 2800 Solis
1371 2770 1398 2801 a
1419 2757 1562 2802 Terra
1592 2756 1807 2803 distantia
1835 2770 2036 2815 apogaea
2068 2763 2138 2803 est
2168 2757 2373 2815 101800,
2417 2757 2578 2803 Martis
2639 2806 2642 2808 ,

324 2821 537 2879 perigaea
567 2821 781 2867 distantia
811 2834 838 2865 a
869 2821 972 2866 Sole
1004 2820 1190 2866 138243.
1241 2821 1286 2866 Si
1320 2835 1425 2878 ergo
1459 2823 1599 2868 Terra
1630 2824 1810 2880 aphelia
1840 2833 1884 2868 et
1914 2825 2038 2869 Mars
2070 2824 2315 2882 perihelius
2346 2824 2393 2868 in
2422 2824 2579 2870 eadem

319 2889 599 2944 longitudine
625 2888 947 2944 jungerentur,
989 2886 1272 2931 intervallum
1305 2887 1632 2945 relinqueretur
1662 2888 1820 2935 36443.
1883 2891 2007 2936 Ρο110
2032 2890 2126 2946 Jam
2158 2905 2214 2935 ex
2245 2891 2472 2935 sententia
2501 2903 2575 2936 ve·
2632 2886 2633 2889 '

319 2961 481 3012 terum,
515 2956 669 3000 orbem
700 2954 856 2998 Lunae
888 2967 987 2998 esse
1019 2953 1154 3009 plane
1186 2951 1403 2997 decimam
1437 2961 1641 2998 octavam
1669 2960 1843 3010 partem
1875 2957 1996 3001 orbis
2031 2956 2147 3001 Solis
2189 2969 2327 3001 causa
2357 2955 2578 3014 diametri,

322 3028 368 3066 et
396 3022 571 3066 Lunam
603 3020 802 3076 plenam,
846 3020 910 3064 sic
942 3026 992 3063 ut
1033 3018 1262 3075 privolvae
1299 3019 1343 3062 in
1375 3033 1458 3064 sua
1499 3020 1648 3065 media
1689 3028 1821 3066 nocte
1851 3023 2104 3078 proximum
2135 3022 2335 3067 habeant
2366 3022 2571 3067 Martem.

321 3087 432 3131 Pars
465 3087 636 3131 decima
668 3092 826 3130 octava
857 3085 912 3129 de
951 3086 1121 3132 101800
1150 3091 1219 3128 est
1241 3085 1370 3138 5655,
1405 3085 1568 3141 quibus
1590 3088 2010 3143 appropinquarent
2033 3088 2098 3131 illi
2121 3088 2258 3132 Marti
2279 3088 2419 3145 magis
2442 3099 2579 3143 quam

319 3165 403 3196 nos
434 3151 683 3196 terricolae.
739 3151 880 3206 Atqui
912 3151 1045 3207 hujus
1086 3150 1142 3194 ad
1174 3150 1316 3195 36443
1358 3151 1589 3207 proportio
1629 3153 1774 3197 minor
1810 3153 1957 3197 adhuc
1987 3158 2057 3198 est
2096 3167 2231 3210 quam
2262 3152 2575 3210 subsextupla,

318 3218 386 3261 Ac
416 3217 604 3273 proinde
635 3216 897 3261 subvolvaui
927 3217 972 3260 in
1004 3218 1232 3262 novilunio
1263 3226 1418 3261 nostro
1430 3249 1443 3272 ,
1477 3230 1558 3261 suo
1591 3230 1694 3262 vero
1726 3219 2011 3275 plenivolvio‚
2045 3221 2236 3265 Martem
2267 3221 2415 3266 minus
2445 3227 2591 3278 quam·
2628 3224 2630 3226 ’

320 3283 456 3340 triplo
487 3283 702 3327 minorem
734 3282 950 3336 viderent,
983 3297 1116 3340 quam
1148 3282 1372 3340 privolvae
1404 3282 1450 3326 in
1479 3282 1725 3339 plenilunio
1756 3291 1925 3341 nostro,
1958 3300 2040 3331 sua
2070 3301 2176 3332 vero
2207 3288 2356 3332 media
2385 3294 2532 3333 noctc.

493 3350 653 3405 Itaque
684 3349 729 3392 in
759 3349 921 3393 veriori
950 3348 1242 3406 proportione
1273 3348 1470 3404 orbium,
1510 3362 1600 3406 qua
1632 3363 1730 3394 sum
1761 3364 1871 3396 usus
1903 3353 1949 3397 in
1980 3353 2148 3398 tabulis
2180 3353 2432 3410 Rudolphi,
2464 3359 2578 3397 atte-

323 3421 488 3458 nuatur
517 3415 606 3459 ista
636 3414 892 3471 proportio;
941 3422 991 3460 ut
1020 3416 1178 3461 Lunae
1218 3416 1599 3472 appropinquatio
1637 3416 1695 3460 ad
1726 3418 1918 3463 Martem
1957 3431 2047 3462 non
2088 3418 2146 3463 sit
2183 3417 2397 3463 vicesima
2431 3418 2577 3474 prima
2650 3457 2652 3481 ἱ

325 3493 430 3536 pars
461 3481 701 3525 distantiae
735 3482 871 3537 Solis,
916 3495 1060 3539 eoque
1102 3481 1356 3528 differentia
1392 3482 1724 3539 apparitionum
1753 3495 1894 3540 penes
1933 3484 2036 3530 illos
2067 3491 2112 3530 et
2141 3485 2227 3530 hos
2262 3485 2403 3542 paulo
2430 3483 2576 3529 minor
2620 3485 2652 3533 ’ἔ

328 3545 564 3590 undecima
595 3554 721 3602 parte
750 3547 906 3593 totius.

504 3612 598 3657 122.
630 3613 942 3668 Digressiones
974 3614 1161 3658 Veneris
1193 3618 1238 3659 et
1267 3613 1480 3658 Mercurii
1510 3626 1537 3657 a
1568 3611 1671 3657 Sole
1701 3621 1894 3670 possunt
1934 3617 2167 3662 observari
2195 3616 2328 3662 etiam
2359 3629 2387 3662 a
2417 3615 2600 3662 mediis
2644 3639 2647 3666 ε

328 3672 633 3728 subvolvanis,
668 3677 823 3726 sedin
854 3679 933 3722 tali
967 3679 1057 3724 situ
1087 3680 1265 3732 Lunae,
1312 3680 1388 3735 qui
1418 3693 1508 3724 non
1538 3678 1726 3724 multum
1759 3679 1896 3726 distet
1923 3682 2055 3727 aliter
2082 3695 2111 3728 a
2141 3682 2270 3737 Sole,
2309 3695 2443 3738 quam
2473 3682 2573 3739 ipsa
2643 3670 2645 3687 ÷

327 3738 480 3782 Terra.
541 3743 600 3783 At
631 3743 706 3797 qui
745 3743 985 3789 divisorem
1016 3746 1290 3802 inhabitant,
1331 3745 1419 3789 illis
1452 3744 1528 3788 Sol
1566 3744 1611 3787 in
1641 3744 1873 3791 horizonte
1914 3755 2022 3792 tunc
2062 3754 2269 3806 apparet,
2309 3760 2409 3792 cum
2443 3748 2590 3792 Luna·
2613 3748 2643 3799 f

326 3804 395 3848 vel
427 3804 561 3860 plena
593 3818 661 3851 est
692 3815 736 3854 et
764 3812 1060 3856 remotissima
1084 3825 1111 3856 a
1135 3812 1253 3869 Sole,
1283 3811 1354 3856 vel
1375 3824 1488 3856 nova
1513 3817 1558 3855 et
1578 3811 1783 3867 proxima
1806 3813 1911 3857 Soli.
1952 3814 2267 3870 Digressiones
2289 3826 2396 3858 vero
2416 3814 2571 3871 plane·

326 3876 473 3918 tarum
503 3870 680 3916 illorum
711 3874 1006 3922 observantur
1035 3878 1242 3928 velante
1272 3884 1421 3927 ortum
1440 3877 1511 3924 vel
1531 3883 1638 3934 post
1667 3881 2027 3927 occasum-Solis
2057 3879 2282 3940 proxime,
2304 3881 2571 3939 praesertim

2607 3882 2626 3914 ,ι’

2593 3916 2635 4030 3„

2610 4062 2617 4088 ¹
2631 4066 2633 4077 1
