2652 4088
304 181 415 238 214
903 173 1194 221 Collectanea
1223 183 1280 217 ex
1310 171 1540 218 codicibus
1569 170 1962 219 Pulkoviensibus.

304 329 802 395 perfectissimumque
841 325 1034 372 virtutis
1073 325 1238 383 instar,
1281 321 1413 384 quod
1451 320 1608 370 solum
1647 321 1706 371 de
1746 335 1834 369 suo
1869 322 2147 383 progenitor
2182 322 2443 386 nopotibus
2479 338 2559 373 re-
2642 303 2652 363 f]

303 404 505 465 linquit,
558 400 778 462 diligenti
827 399 1000 446 mentis
1050 397 1231 443 intuitu
1281 395 1687 457 contemplentur,
1739 393 2008 455 ardoreque
2057 396 2205 442 animi
2243 396 2451 458 majore,
2506 402 2559 445 ut
2650 407 2652 453 s

308 475 648 532 domesticum,
703 473 968 534 exprimere
1019 474 1066 517 et
1105 470 1199 531 ipsi
1240 470 1598 530 concupiscant.
1674 466 1837 528 Atque
1876 469 2061 514 utinam
2111 467 2190 515 vel
2235 471 2472 516 maturius
2510 470 2559 516 in
2648 463 2652 517 ῗ

309 549 436 595 hanc
471 546 772 609 provinciam
811 543 1186 600 concessissem,
1225 539 1306 590 vel
1346 547 1536 603 tempus
1574 541 1668 588 hoe
1706 539 2005 588 breviculum
2045 544 2413 590 conversatione
2453 556 2561 590 cum
2646 533 2652 596 ξ

305 619 621 683 prudentibus
661 630 918 678 rerumque
955 614 1338 677 intelligentibus
1376 613 1550 661 melius
1590 613 1922 673 collocassem,
1965 626 2061 675 quo
2101 612 2182 661 vel
2207 614 2431 676 propiore
2470 613 2558 662 de-
2636 651 2652 669 ,.

305 693 454 741 functi
483 693 670 751 notitia,
711 689 791 738 vel
817 689 972 736 relatu
1000 693 1307 751 expertorum
1345 686 1560 735 imbutus
1587 688 1815 745 animum,
1855 685 2186 748 perfectiorem
2213 685 2390 734 Herois
2416 687 2561 747 hujus
2645 691 2652 745 g}

304 765 464 813 ideam
516 765 733 812 oratione
786 762 1051 823 exprimere
1092 765 1140 809 et
1177 759 1290 808 stilo
1344 758 1587 808 delineare
1637 773 1851 821 possem.
1931 758 1997 806 At
2035 760 2151 820 quia
2189 759 2403 822 optando
2442 759 2563 807 nihil
2629 754 2652 809 ἓ

306 838 579 901 proficitur,
632 834 751 883 illud
803 834 960 882 solum
1010 832 1190 881 orando
1230 848 1260 881 a
1299 832 1439 880 vobis
1486 831 1802 891 contendam,
1857 829 1980 879 Gen.
2031 831 2271 892 BaroneS,
2324 834 2395 880 uti
2442 832 2564 882 haec
2650 835 2652 841 '

309 910 684 973 qualiacunque,
726 921 852 970 quae
891 906 1009 954 mihi
1044 907 1221 955 rescire
1263 906 1481 967 contigit,
1522 906 1705 967 optimo
1733 906 1894 952 animo
1936 905 2237 966 consignata,
2278 919 2366 953 nec
2404 907 2563 954 minus
2647 926 2652 932 ·

308 984 491 1032 bonum
530 982 592 1030 ad
630 981 775 1029 finem
812 978 1077 1040 tendentia,
1119 979 1263 1041 aequi
1303 979 1517 1039 bonique
1557 976 1838 1037 consulatis,
1878 978 2205 1040 privatimque
2247 979 2453 1039 quilibet
2477 992 2563 1042 pro
2634 987 2642 1016 ἑ

307 1071 361 1106 se
400 1055 673 1119 adiectione
712 1067 893 1115 eorum,
934 1067 1060 1116 quae
1099 1067 1129 1101 a
1165 1067 1243 1101 me
1281 1051 1624 1115 praetermissa
1661 1052 1868 1111 noverit,
1908 1049 2168 1113 adaugeat.
2209 1054 2307 1110 (Nil
2338 1055 2456 1111 seq.)
2636 1046 2638 1049 ’

318 1329 358 1375 d.
391 1329 434 1374 9.
464 1329 573 1373 Dec.
608 1328 720 1374 1598
754 1331 799 1372 61
828 1341 874 1383 p.
907 1327 978 1372 70.
1021 1339 1169 1382 pauca
1211 1327 1496 1371 exhibuimus
1538 1339 1563 1370 6
1600 1324 1895 1381 responsione
1933 1325 2178 1371 Maestlini.
2248 1327 2372 1370 Inter
2413 1339 2567 1372 manu·
2636 1359 2638 1361 -

308 1395 477 1451 scripta
488 1392 1008 1451 KepleriPulkovionsia
1023 1392 1397 1449 deprehendimus
1412 1391 1767 1448 disquisitionem
1790 1390 2166 1448 chronologicam,
2189 1391 2246 1436 ad
2267 1392 2385 1436 hanc
2400 1392 2568 1436 Maest-
2632 1435 2639 1446 ,Ἰ

307 1459 388 1504 lini
407 1459 746 1515 responsionem
768 1458 1079 1516 pertinentem,
1101 1459 1383 1515 inscriptam:
1402 1457 1483 1503 Ex
1506 1457 1738 1503 occasione
1758 1458 1995 1502 literarum
2014 1459 2247 1503 Maestlini
2267 1457 2337 1504 22.
2361 1457 2401 1503 J
2398 1472 2472 1502 cm.
2498 1456 2566 1503 99.

484 1524 729 1569 Examinat
767 1523 911 1580 primo
943 1523 1167 1579 Keplerus
1205 1524 1320 1568 haec
1349 1522 1579 1568 Maestlini
1618 1523 1778 1567 verba:
1824 1517 2006 1573 „Annos
2036 1521 2094 1567 20
2123 1534 2336 1567 numeras
2368 1535 2394 1566 a
2425 1528 2568 1568 morte

314 1589 390 1634 Eli
421 1588 477 1633 ad
510 1603 659 1635 arcam
689 1590 1028 1646 Hierosolymas
1061 1589 1316 1634 deductam.
1384 1587 1446 1632 At
1485 1588 1572 1633 hoc
1614 1587 1747 1631 modo
1788 1587 1974 1631 nimium
2013 1586 2350 1632 abbreviabitur
2391 1592 2569 1645 tempus
2626 1631 2628 1633 .

312 1653 545 1699 Samuelis.
605 1655 720 1699 Nam
752 1655 898 1699 David
928 1668 1018 1699 non
1051 1660 1156 1699 ante
1187 1655 1228 1699 7.
1263 1653 1322 1710 (si
1351 1653 1484 1698 modo
1516 1667 1606 1697 non
1642 1652 1733 1708 14.)
1775 1665 1940 1697 annum
1970 1653 2096 1708 regni
2129 1653 2199 1697 sui
2229 1652 2566 1711 Hierosolymas
2634 1671 2652 1707 i?

312 1719 454 1775 cepit,
495 1718 716 1764 habitavit
759 1721 876 1764 enim
909 1721 963 1779 δὲ
995 1719 1042 1763 in
1072 1718 1282 1763 Hebron:
1323 1723 1498 1763 restant
1529 1730 1635 1775 ergo
1670 1718 1723 1762 13
1755 1717 1872 1761 anni.
1936 1718 2025 1763 Sed
2055 1717 2272 1762 Davidem
2304 1719 2458 1764 multis
2491 1733 2568 1764 an·
2620 1715 2652 1937 'J‘

2642 852 2652 922 ἔ

2636 933 2652 1133 i

487 1261 727 1306 Volumine
756 1261 834 1305 IV.
866 1274 908 1317 p.
942 1260 997 1306 65
1030 1273 1090 1306 ss,
1135 1260 1455 1317 proposuimus
1495 1258 1731 1317 epistolam
1771 1258 1957 1316 Kepleri
1998 1259 2056 1304 ad
2086 1260 2375 1305 Maestlinum
2416 1261 2566 1306 datam
2630 1129 2652 1433 ³

2628 1428 2652 1675 Ξ

309 1786 379 1830 nis
409 1790 676 1841 persecutus
713 1790 783 1828 est
816 1784 946 1839 Saul,
986 1790 1228 1841 postquam
1259 1782 1314 1827 ab
1352 1783 1454 1838 ipso
1486 1782 1734 1827 secundum
1766 1795 1931 1826 annum
1969 1790 2188 1839 regnante
2219 1785 2283 1841 (1.
2315 1784 2437 1829 Sam.
2470 1783 2569 1841 13.)
2622 1832 2624 1837 ,

310 1863 499 1908 regnum
530 1850 828 1894 auferendum
859 1850 1071 1894 scribitur
1106 1853 1142 1894 1.
1175 1851 1294 1895 Sam.
1331 1851 1400 1895 15.
1459 1849 1793 1894 Existimantur
1833 1850 1955 1907 apud
1985 1848 2229 1905 plerosque
2261 1848 2569 1906 chronologos
2620 1864 2652 1874 ⁴·

312 1915 418 1961 anni
448 1916 516 1971 10,
550 1914 630 1959 sed
659 1914 882 1970 fingamus
913 1921 1090 1960 tantum
1123 1917 1149 1959 7
1181 1927 1347 1970 annos,
1377 1927 1480 1958 nam
1512 1919 1581 1958 tot
1612 1914 1830 1959 historiae
1858 1914 2186 1972 persecutionis
2217 1915 2315 1970 ejus
2345 1915 2570 1972 pauciori4
2607 1917 2652 1967 ’ῳὲ

313 1981 398 2025 bus
429 1980 559 2024 annis
591 1980 808 2036 compleri
838 1994 929 2025 non
957 1985 1185 2036 poterunt.
1247 1981 1438 2024 Restant
1469 1979 1604 2035 igitur
1637 1980 1662 2025 6
1694 1979 1811 2034 anni,
1853 1979 2099 2036 ablatoque
2130 1980 2152 2022 1
2191 1980 2260 2024 vel
2292 1981 2320 2024 2
2351 1981 2479 2024 annis
2510 1980 2568 2026 ab
2617 1963 2652 2087 {l

313 2046 413 2101 ejus
444 2044 812 2102 inauguratione,
845 2046 1044 2091 Samueli
1075 2060 1164 2090 non
1197 2045 1377 2089 omnino
1409 2045 1435 2089 5
1467 2044 1574 2088 anni
1602 2043 1772 2088 residui
1803 2048 1932 2102 sunt,
1964 2045 2084 2091 intra
2114 2058 2228 2102 quos
2257 2045 2355 2103 ipse
2386 2051 2570 2103 propter
2616 2042 2652 2119 ζ.-

314 2111 486 2157 senium
517 2110 762 2168 pluresque
793 2110 972 2156 labores
1002 2110 1122 2156 filios
1154 2111 1289 2155 etiam
1322 2107 1492 2166 populo
1525 2107 1743 2165 praefecit
1775 2109 1834 2165 (1.
1867 2109 1985 2155 Sam.
2015 2111 2074 2167 8.)
2117 2116 2162 2155 61
2199 2117 2385 2167 propter
2416 2123 2568 2157 senec·
2615 2111 2652 2180 ζ’·

312 2182 405 2221 tam
436 2187 462 2219 a
491 2174 660 2231 populo
694 2175 843 2220 officio
877 2178 1114 2222 submotus
1146 2175 1244 2221 fuit.
1306 2175 1454 2232 Quare
1485 2174 1550 2218 illi
1581 2175 1637 2220 20
1667 2174 1774 2218 anni
1806 2177 1869 2232 (1.
1903 2175 2022 2223 Sam.
2053 2177 2118 2233 7.)
2151 2176 2330 2222 omnino
2363 2175 2569 2221 videntur
2618 2189 2633 2231 3

310 2240 431 2285 finiri
459 2240 505 2283 in
534 2240 614 2285 illa
645 2240 854 2298 historia,
899 2254 1015 2297 quae
1044 2241 1109 2286 ibi
1140 2256 1244 2286 mox
1276 2240 1500 2297 sequitur,
1543 2239 1706 2295 quibus
1746 2239 1944 2296 populus
1975 2253 2134 2297 parum
2175 2240 2325 2298 paruit
2355 2238 2567 2299 Samueli,
2615 2230 2640 2280 >.

318 2306 399 2352 sed
428 2305 490 2349 ibi
522 2311 626 2362 post
657 2306 896 2363 gloriosam
929 2306 1241 2352 liberationem
1273 2308 1422 2363 ipsum
1449 2304 1647 2361 judicem
1680 2306 2032 2364 constituerunt,
2066 2307 2140 2353 cui
2169 2306 2342 2351 muneri
2373 2305 2568 2363 praefuit
2611 2282 2652 2383 ᾗ

310 2372 504 2483 aliquotS
517 2371 671 2480 plures
703 2384 845 2431 anno-s
879 2384 1023 2429 usque
1055 2372 1112 2417 ad
1144 2373 1328 2419 Saulum
1360 2370 1570 2417 electum.
1622 2370 1739 2415 Hinc
1770 2369 1919 2427 colligi
1948 2378 2140 2429 possunt
2170 2373 2231 2418 40
2259 2371 2364 2416 anni
2387 2372 2573 2417 Samue-
2614 2373 2652 2429 gig

329 2437 368 2482 is
398 2442 444 2481 et
509 2451 567 2481 au
588 2438 616 2481 i.
1005 2439 1011 2449 ¹
2611 2451 2619 2477 t
2643 2443 2648 2453 ·

491 2503 564 2547 Ad
594 2503 710 2548 haec
740 2502 878 2559 igitur
907 2504 1155 2565 Keplerus:
1208 2501 1317 2551 Iud.
1362 2506 1442 2561 12,
1488 2505 1568 2551 13.
1606 2499 1804 2548 ultimus
1837 2499 1990 2563 judex
2029 2501 2222 2562 Abdon,
2262 2507 2451 2564 potens,
2489 2501 2574 2551 fan.
2608 2501 2652 2533 ¹

314 2572 451 2622 milia
489 2580 743 2621 sumtuosa
783 2580 833 2622 et
869 2588 1124 2637 pomposa.
1199 2574 1305 2623 Iud.
1352 2579 1433 2632 13,
1477 2579 1536 2622 1:
1594 2573 1719 2634 „Die
1757 2572 1942 2622 Kinder
1979 2573 2157 2624 Israels
2207 2574 2374 2623 thaten
2420 2575 2581 2624 siirtsr·
2613 2559 2642 2637 ΤΔ

314 2641 506 2695 vbels.“
566 2646 692 2708 Ergo
732 2645 855 2694 haec
891 2647 1096 2695 historia
1132 2649 1381 2696 servitutis
1410 2646 1708 2695 Philistaeac
1749 2651 1823 2694 est
1860 2646 2177 2710 intelligenda
2213 2655 2326 2711 post
2362 2653 2564 2696 mortem

315 2717 562 2777 Abdonis,
615 2721 711 2766 nisi
750 2721 1016 2767 communis
1065 2718 1255 2781 phrasis
1302 2722 1366 2768 sit
1408 2726 1751 2786 „perrexerunt
1797 2718 2007 2782 amplius
2045 2719 2298 2783 peccare“,
2340 2721 2403 2769 ob
2441 2720 2565 2769 hanc
2624 2743 2626 2750 ·

318 2806 516 2840 causam
553 2790 633 2840 hic
671 2805 866 2854 quoque
904 2793 1123 2855 repetita,
1164 2797 1219 2839 nt
1255 2794 1439 2855 ubique
1479 2794 1688 2852 vestigia
1725 2793 1822 2839 sint
1859 2795 2129 2854 argumenti
2169 2808 2274 2856 cap.
2304 2799 2350 2843 2.
2379 2807 2563 2856 propo·
2631 2837 2634 2839 ,

317 2866 413 2913 siti.
467 2864 528 2912 V.
571 2867 618 2912 5.
658 2865 863 2926 angelus
899 2864 1116 2927 loquitur
1154 2864 1212 2912 de
1251 2869 1482 2913 servitute
1519 2865 1799 2913 Philistaea
1824 2872 2096 2927 praesente.
2147 2866 2206 2915 Id
2245 2872 2380 2916 tanto
2407 2867 2570 2929 magis-
2607 2886 2614 2919 ³„

317 2935 622 2998 eredendum,
663 2939 780 2999 quia
817 2938 955 2986 initio
995 2938 1167 3000 eapitis
1201 2938 1304 2999 jam
1345 2938 1402 2987 dc
1443 2937 1613 2986 eadem
1651 2938 1885 2986 servitute
1909 2937 2139 3001 loquitur.
2204 2939 2355 2988 Porro
2384 2946 2560 2988 notan-

317 3009 447 3069 dum,
488 3011 604 3072 quia
639 3015 752 3073 post
787 3017 990 3060 mortem
1028 3009 1250 3058 Abdonis
1283 3011 1388 3073 jam
1426 3010 1479 3058 fit
1516 3011 1697 3059 mentio
1731 3009 2107 3075 philistaeorum
2148 3018 2196 3060 et
2234 3013 2378 3061 iidem
2405 3011 2570 3060 Phili-.

316 3086 441 3131 staei
480 3084 624 3131 etiam
664 3083 756 3131 sub
794 3082 872 3131 Eli
909 3089 1133 3147 premunt
1169 3083 1431 3143 Israelita8‚
1474 3088 1526 3130 ut
1564 3089 1612 3131 et
1649 3082 1740 3130 sub
1767 3082 2010 3145 Samuele,
2050 3083 2213 3144 Saule,
2255 3084 2464 3146 Davide,
2503 3098 2570 3135 ex
2613 3086 2652 3126 *ἐ

317 3169 374 3204 eo
414 3154 605 3217 colligi,
655 3157 885 3205 continua
923 3170 1038 3204 usos
1078 3170 1183 3204 esse
1222 3156 1514 3204 Philistaeos
1566 3155 1823 3215 felicitate,
1879 3157 2102 3220 adeoque
2155 3159 2435 3221 conjectura
2473 3162 2597 3216 est,-.¹

317 3242 415 3276 non
453 3228 658 3276 multum
696 3235 888 3291 tempus
926 3229 1124 3277 fluxisse
1163 3230 1285 3276 inter
1325 3230 1609 3277 Samsonem
1643 3234 1691 3276 et
1729 3228 1987 3279 Davidem.
2053 3230 2194 3280 Adde
2234 3230 2367 3294 quod
2407 3245 2447 3280 e.
2479 3235 2570 3279 17.Δ
2616 3288 2618 3290 v

319 3300 498 3349 desinit
533 3301 764 3350 historiae
804 3303 1113 3360 continuitas,
1152 3317 1263 3350 nam
1303 3317 1409 3365 cap.
1452 3307 1512 3349 17
1525 3306 1677 3349 —21.
1715 3308 1828 3349 sunt
1867 3311 2002 3351 extra
2041 3304 2281 3367 ordinem;
2322 3306 2392 3353 sic
2430 3309 2569 3352 totus.

315 3372 440 3422 liber
476 3372 624 3422 Ruth.
704 3375 769 3422 At
810 3380 853 3423 1.
895 3374 1026 3424 Sam.
1066 3375 1247 3424 reditur
1295 3375 1357 3423 ad
1397 3375 1807 3424 continuationem
1854 3375 2102 3426 historiae.
2177 3377 2422 3426 Interdum
2462 3367 2597 3425 ita-s

258 3494 261 3498 ,
319 3460 414 3508 que
466 3447 697 3512 conjici0,
747 3447 837 3496 hos
880 3453 944 3498 40
985 3463 1140 3496 annos
1188 3449 1397 3511 incipere
1448 3463 1479 3496 a
1523 3453 1675 3495 morte
1716 3447 1965 3510 Abdonis,
2018 3450 2235 3499 desinere
2284 3452 2334 3497 in
2372 3450 2565 3498 initium¹

320 3517 497 3580 Saulis,
539 3526 591 3567 ut
627 3525 801 3582 postea
839 3520 1126 3570 videbimus
1203 3521 1299 3570 Sed
1339 3522 1516 3579 obstat,
1557 3519 1687 3582 quod
1726 3528 1868 3569 natus
1908 3527 1982 3571 est
2018 3522 2211 3572 Simeon
2248 3524 2338 3571 sub
2377 3523 2452 3571 his
2490 3523 2565 3570 40⁴

320 3592 459 3640 annis
513 3599 560 3640 61
605 3593 796 3655 judicat
835 3599 901 3642 20
942 3609 1095 3642 annos
1134 3601 1182 3644 61
1218 3597 1418 3643 moritur
1466 3593 1555 3640 sub
1604 3592 1776 3640 iisdem
1816 3599 1883 3642 40
1924 3597 2079 3645 annis.
2154 3597 2282 3658 Ergo
2326 3598 2562 3658 inciperet<

322 3669 434 3712 ante
485 3669 566 3713 20.
606 3669 782 3715 aetatis
829 3682 1007 3715 annum
1053 3667 1301 3731 judicare,
1354 3671 1618 3715 moreretur
1666 3672 1778 3714 ante
1832 3672 1916 3716 40.
1955 3683 2134 3717 annum
2186 3671 2391 3730 aetatis;
2443 3670 2561 3716 item

320 3743 584 3785 moreretur
631 3753 730 3787 una
780 3753 887 3788 cum
927 3741 1031 3800 Eli,
1083 3741 1307 3804 Hophni‚
1357 3739 1545 3788 Pineha
1594 3738 1672 3787 vel
1709 3739 1856 3801 paulo
1896 3747 2027 3791 ante.
2100 3742 2229 3804 Ergo
2269 3748 2555 3800 statuamus

320 3813 488 3855 natum
537 3811 627 3858 sub
677 3813 826 3873 priori
875 3815 1110 3863 servitute
1158 3816 1307 3862 mixta
1343 3812 1614 3860 Philistaea
1663 3817 1711 3860 et
1748 3812 2074 3863 Ammonitica
2121 3820 2233 3864 ante
2272 3813 2562 3878 Jephthams

323 3881 563 3944 incepisse
593 3883 836 3947 judicare,
878 3900 988 3935 cum
1025 3893 1153 3936 esset
1190 3886 1430 3950 perfectae
1468 3885 1669 3946 aetatiS,
1707 3899 1775 3935 sc.
1813 3901 2050 3936 annorum
2087 3888 2172 3950 35,
2211 3893 2261 3938 et
2295 3889 2368 3939 sic
2403 3897 2561 3936 annos·
