2652 4088
1162 1466 1680 1583 ELEGIA

815 1670 887 1728 IN
935 1669 1197 1730 OBITUM
1241 1670 1306 1758 D?
1354 1669 1711 1730 TYCHONIS
1758 1668 2024 1728 BRAHE.

642 1941 719 1991 Tu
757 1955 951 2005 quoque
989 1940 1203 1991 funebris
1241 1956 1354 2007 pars
1393 1941 1525 1991 haud
1563 1942 1812 2004 incognita
1848 1955 2056 2006 pompae

786 2014 1052 2079 Appositos
1091 2013 1319 2080 lacrymis
1356 2015 1502 2065 funde
1541 2014 1712 2078 Elegia
1748 2015 1937 2064 modos.

642 2089 917 2150 Terrigenis
955 2087 1129 2137 animis
1166 2090 1326 2153 potuit
1365 2090 1449 2152 qui
1486 2089 1658 2138 sistere
1697 2088 1850 2150 coe10,

786 2162 1104 2224 Terrigenum
1143 2162 1331 2211 tumulo
1372 2161 1594 2211 conditur
1632 2175 1743 2212 ecce
1782 2177 1945 2211 manu.

639 2236 977 2298 Assuetosque
1016 2235 1185 2285 oculos
1223 2236 1484 2285 coelestem
1523 2234 1734 2299 pandere
1771 2234 1929 2285 lucem

786 2303 919 2357 Fusa
956 2322 1102 2371 super
1138 2310 1350 2358 tenebris
1389 2307 1559 2357 invida
1597 2307 1781 2357 claudit
1817 2308 2009 2359 humus.

643 2381 869 2432 Gratuler
906 2382 1187 2444 ambiguum
1226 2389 1314 2443 est,
1354 2396 1417 2430 an
1455 2381 1615 2431 laxem
1653 2382 1820 2431 fraena
1859 2381 2052 2432 dolori?

783 2455 914 2503 Dum
952 2454 1172 2516 meditor,
1211 2455 1452 2519 lacrymas
1490 2461 1694 2518 utraque
1734 2469 1884 2504 causa
1920 2457 2029 2505 ciet.

642 2527 816 2578 Infelix
854 2527 1022 2576 mundi
1060 2527 1272 2590 soboles,
1312 2528 1457 2577 homo
1498 2527 1661 2577 dedite
1699 2528 1896 2588 mundo,

785 2602 824 2650 E
862 2600 1042 2650 mundo
1082 2601 1320 2664 reliquum
1360 2599 1478 2664 quid
1514 2601 1605 2650 tibi
1642 2600 1798 2650 Parca
1833 2601 1977 2663 facit,

644 2673 849 2738 Quando
889 2676 1034 2723 etiam
1074 2673 1229 2724 lethes
1268 2674 1509 2738 sapientia
1544 2675 1774 2736 mergitur
1813 2674 1970 2737 undis,

786 2747 1089 2809 Divinasque
1128 2748 1275 2796 animi
1314 2761 1442 2796 mors
1479 2746 1741 2811 populatur
1779 2761 1922 2812 opes;

642 2823 744 2872 Nec
777 2821 876 2883 jam
915 2819 1122 2869 sideriae
1161 2820 1388 2883 frigentia
1425 2825 1624 2884 pectora
1662 2833 1805 2868 curae

783 2890 1077 2943 Demulcent
1113 2892 1270 2942 solitis
1308 2894 1414 2941 vita
1451 2894 1662 2941 abeunte
1700 2891 1874 2942 modis,

641 2967 693 3018 Si
730 2981 843 3032 pars
881 2971 955 3016 est
991 2965 1199 3014 hominis
1238 2965 1409 3014 melior
1444 2979 1581 3014 mens
1620 2964 1751 3014 edita
1789 2965 1952 3029 coelis,

785 3038 918 3088 Vilia
954 3040 996 3087 si
1034 3045 1189 3088 terrae
1227 3038 1443 3103 pondera
1480 3052 1654 3102 corpus
1691 3038 1854 3100 habet,

645 3114 698 3164 Si
734 3113 909 3179 probat
947 3113 1050 3175 ipse
1088 3112 1224 3161 Deus
1264 3111 1505 3176 pecudum
1543 3117 1848 3161 contemnere
1888 3114 2054 3174 vitam,

783 3186 995 3247 Pinguia
1033 3199 1129 3233 non
1167 3186 1327 3234 ventri
1363 3184 1506 3234 thura
1544 3183 1739 3233 adolere
1778 3185 1902 3246 De0,

642 3259 738 3310 Sed
775 3272 1036 3308 memorem
1074 3272 1181 3307 esse
1219 3260 1310 3318 sui,
1351 3257 1629 3319 celeresque
1667 3263 1858 3321 patrare
1896 3273 1982 3323 per
2019 3273 2174 3308 annos

786 3333 1001 3394 Dignum
1040 3329 1241 3394 aliquod
1276 3336 1414 3380 tauta
1450 3330 1705 3380 nobilitate
1745 3330 1915 3392 decue,

643 3405 696 3455 Si
732 3408 893 3470 potior
927 3405 1117 3464 mentis,
1158 3418 1305 3467 quam
1343 3403 1556 3468 corporis
1592 3401 1694 3451 ulla
1730 3403 1973 3469 voluptaS,

784 3477 1038 3527 Pulchrior
1074 3476 1204 3525 illius
1243 3478 1284 3525 si
1320 3476 1587 3538 meliorque
1625 3475 1777 3536 labor,

645 3552 696 3602 Si
734 3553 917 3616 patrias
955 3552 1116 3600 animo
1156 3555 1372 3614 praestat
1410 3548 1658 3598 decurrere
1697 3549 1837 3598 sedes

789 3625 852 3672 Et
887 3623 1082 3673 laudem
1121 3625 1333 3672 auctoris
1370 3635 1743 3671 commemorare
1782 3622 1898 3672 Dei:

644 3698 927 3747 Debuerant
965 3696 1189 3758 equidem
1225 3695 1456 3760 pulchrae
1493 3693 1744 3742 molimina
1780 3698 1954 3745 mentis

791 3769 993 3818 Occidui
1030 3770 1130 3817 fato
1170 3770 1384 3832 corporis
1423 3782 1529 3817 esse
1567 3781 1726 3829 super.

644 3843 784 3892 Nunc
822 3842 975 3891 veluti
1011 3843 1161 3904 nigris
1199 3841 1390 3902 fulgens
1426 3842 1475 3887 in
1511 3840 1723 3887 nubibus
1760 3854 1916 3901 arcuS,

786 3914 892 3964 Has
931 3915 1076 3964 simul
1114 3928 1173 3964 ac
1211 3915 1344 3963 venti
1382 3911 1666 3974 dissoluere,
1704 3913 1845 3976 perit,
