2652 4088
296 194 399 250 190
876 187 1162 236 Collectanea
1193 199 1249 233 ex
1280 183 1510 233 codicibus
1539 181 1934 231 Pulkoviensibus.

463 338 623 390 Unum
660 338 957 402 triangulum
996 352 1105 387 cum
1146 343 1175 387 2
1215 335 1521 400 sexangulis,
1561 351 1668 387 cum
1712 342 1737 385 1
1779 334 2047 399 sexangulo
2087 340 2136 385 et
2177 340 2202 385 1
2245 335 2535 399 septangulo

295 421 383 466 etc.
423 428 576 476 usque
615 414 664 460 in
703 412 960 462 infinitum.

462 486 519 534 In
558 485 718 549 planis
755 486 1007 548 punctatio
1047 482 1301 530 necesaria
1339 487 1413 531 est
1451 487 1480 532 3
1520 488 1824 545 punctorum,
1864 483 1914 528 in
1951 479 2121 528 solidis
2152 486 2208 543 43
2249 480 2350 530 illic
2387 486 2441 528 ut
2476 481 2541 528 sit

293 558 612 621 triangulum,
665 558 745 607 hic
782 564 836 606 ut
874 558 938 605 sit
974 556 1205 620 pyramis,
1280 553 1390 603 Illic
1427 556 1575 618 igitur
1612 554 1882 616 triangulus
1921 553 1983 602 ad
2032 553 2263 602 circulum
2305 559 2378 602 est
2415 558 2468 600 ut
2507 558 2535 602 3

294 631 354 680 ad
392 631 603 692 infinita,
642 631 724 679 hic
760 630 974 694 pyramis
1014 627 1077 678 ad
1115 626 1422 690 sphaericum
1461 627 1645 677 itidem.
1724 627 1946 689 Cumque
1985 626 2192 675 circulus
2231 633 2280 675 et
2318 624 2541 689 sphaeri-

296 719 402 753 cum
440 707 536 753 sint
574 704 681 753 sola
718 703 933 767 perfecta
957 707 1006 750 et
1029 700 1287 763 regularia,
1327 700 1550 763 regulare
1589 700 1756 749 itidem
1797 701 1901 760 erit,
1942 699 2071 762 quod
2100 701 2316 763 proxime
2356 697 2418 748 ad
2457 698 2543 747 illa

294 777 494 827 accedit.
569 776 692 826 Sunt
731 782 895 825 autem
935 776 1120 835 omnia,
1171 787 1297 836 quae
1343 773 1504 836 planis
1545 774 1831 833 tribuimus,
1872 772 2060 821 infinita
2104 772 2314 835 quadam
2353 773 2540 820 ratione

294 853 436 900 etiam
475 853 522 899 in
564 851 740 900 curvis,

747 960 913 1007 Ourva.
1714 962 1872 1007 Plana
1901 967 2026 1008 recta
2057 966 2100 1007 et
2128 961 2295 1008 solida.

298 1030 337 1087 1)
366 1027 573 1085 Undique
603 1025 874 1074 clauduntur
902 1025 949 1070 in
978 1024 1212 1071 infinitum.
1466 1027 1505 1083 1)
1538 1026 1746 1084 Undique
1776 1027 2060 1084 clauduntur,
2099 1026 2146 1070 in
2175 1025 2321 1083 planis
2351 1038 2442 1071 non
2462 1024 2542 1069 mi·

1540 1106 1626 1137 nus
1659 1092 1824 1150 tribus,
1857 1093 1900 1136 in
1934 1092 2089 1137 solidis
2121 1093 2149 1136 4
2179 1091 2308 1137 locis.

296 1159 340 1218 2)
372 1158 430 1205 Se
460 1159 572 1217 ipsis
603 1157 891 1204 clauduntur.
1462 1156 1510 1214 2)
1544 1157 1700 1202 Solida
1730 1159 1799 1202 sui
1833 1157 2052 1203 similibus
2074 1157 2222 1213 planis
2254 1155 2540 1200 clauduntur.

295 1227 336 1284 3)
366 1227 535 1272 Latera
565 1225 637 1271 vel
668 1223 930 1281 superficies
960 1221 1134 1268 habent
1162 1222 1209 1266 in
1230 1221 1374 1266 infini-
1463 1223 1510 1278 3)
1542 1223 1707 1268 Latera
1750 1223 1821 1267 vel
1860 1221 1998 1278 plana
2048 1222 2219 1268 habent
2272 1219 2420 1265 omnia
2458 1221 2544 1264 sibi

368 1297 463 1337 tum
496 1297 542 1336 et
581 1304 717 1336 unam
746 1290 939 1347 ideoque
978 1289 1064 1334 sibi
1104 1287 1374 1334 simillimam
1543 1288 1707 1333 similia
1737 1295 1782 1335 et
1812 1287 1990 1345 eadem,
2036 1301 2125 1333 non
2167 1287 2344 1332 diversa
2374 1286 2444 1331 vel
2475 1285 2540 1330 di-

372 1363 417 1402 et
448 1356 837 1414 simplicissimam.
1543 1352 1721 1399 formia.

294 1423 337 1480 4)
367 1422 569 1480 Angulos
592 1422 764 1467 habent
784 1419 984 1465 infinitos
1014 1425 1059 1465 et
1087 1433 1226 1464 unum
1256 1419 1376 1465 ideo·
1464 1417 1514 1473 4)
1546 1417 1750 1475 Angulos
1789 1432 1943 1464 omnes
1983 1419 2154 1464 habent
2203 1418 2418 1476 aequales
2458 1431 2548 1462 non

370 1502 458 1546 que
490 1487 575 1533 sibi
605 1485 894 1532 simillimum.
1543 1483 1708 1539 varios,
1738 1497 1829 1528 non
1862 1484 2092 1529 diformes.

295 1555 337 1612 5)
367 1553 526 1599 Omnia
547 1558 717 1610 puncta
737 1551 1001 1609 aequalibus
1022 1550 1153 1596 lineis
1176 1563 1202 1594 a
1220 1554 1376 1595 centro
1465 1549 1508 1605 5)
1542 1549 1708 1592 Centra
1736 1548 1974 1605 planorum
2004 1550 2122 1595 inter
2153 1563 2217 1606 se,
2248 1549 2357 1595 item
2387 1554 2434 1594 et
2464 1561 2541 1594 an-

373 1619 551 1665 absunt.
1543 1613 1637 1672 guli
1666 1614 1783 1659 inter
1813 1628 1862 1661 se
1893 1615 2144 1673 aequaliter
2172 1615 2349 1661 absunt.

471 1717 610 1768 Haec
647 1723 761 1766 sunt
799 1716 1063 1780 redigenda
1102 1714 1166 1765 ad
1202 1717 1458 1780 pauciora:
1498 1714 1537 1763 I.
1578 1715 1764 1765 Manet.
1840 1716 1902 1765 V.
1943 1717 2030 1765 Est
2067 1716 2332 1779 mutabile3
2370 1731 2546 1765 nomen

297 1806 469 1854 nempe
517 1793 716 1841 sortitur
738 1790 949 1840 solidum
976 1806 1005 1838 a
1030 1789 1177 1853 plano
1206 1796 1260 1837 ut
1298 1796 1347 1838 et
1383 1790 1611 1852 speciem.
1677 1789 1769 1837 ΙΙΙ.
1810 1789 2018 1838 Videtur
2057 1792 2188 1853 prius
2227 1804 2334 1839 esse
2374 1795 2546 1853 quarto
2620 1831 2633 1849 ,

297 1872 344 1915 et
382 1867 566 1928 quinte,
608 1879 734 1927 quae
772 1867 821 1912 in
860 1863 1030 1914 solidis
1070 1861 1281 1926 pendent
1307 1877 1338 1910 a
1363 1865 1522 1911 tertio,
1588 1861 1751 1911 Curva
1788 1862 1948 1926 planis
1985 1870 2098 1912 sunt
2137 1877 2286 1911 causa
2324 1862 2548 1927 aequali·-

297 1941 427 1988 tatis.
504 1937 661 1986 Plana
701 1939 863 1986 curvis
901 1943 1015 1985 sunt
1053 1951 1203 1985 causa
1240 1937 1613 1984 mensurationis
1651 1941 1700 1984 et
1739 1937 2106 1999 compositionis
2146 1938 2334 1987 mistae.

470 2011 546 2058 An
584 2012 733 2074 igitur
768 2012 839 2059 sic
875 2008 1262 2073 procedendum,
1304 2016 1356 2056 ut
1393 2010 1547 2071 primo
1586 2007 1906 2071 procedamus
1945 2009 2189 2073 analytice
2228 2025 2258 2058 3
2295 2009 2548 2073 sphaerico

298 2084 360 2134 ad
399 2098 615 2147 corpora,
656 2084 718 2132 ab
757 2083 832 2131 bis
872 2083 935 2132 ad
973 2083 1135 2146 plana,
1176 2089 1228 2130 ut
1267 2081 1541 2144 aequalitas
1582 2086 1775 2143 (contra
1812 2097 1958 2145 quam
1997 2082 2231 2132 hactenus
2258 2097 2315 2132 ex
2342 2098 2393 2132 se
2421 2082 2548 2146 ipsa)

299 2173 359 2208 ex
397 2171 543 2207 curvo
582 2156 920 2220 intelligatur?
958 2163 1131 2219 postea
1170 2172 1463 2212 συστατικως
1501 2170 1531 2203 3
1569 2155 1727 2217 planis
1767 2155 1829 2203 ad
1870 2170 2019 2204 curva
2034 2157 2059 2204 ⁸?

472 2231 697 2280 Ceterum
737 2231 827 2279 erit
863 2231 1011 2278 mixto
1050 2227 1196 2277 modo
1235 2228 1493 2292 agendum.
1556 2228 1682 2276 Nam
1707 2229 1863 2291 primo
1891 2228 2149 2278 dicendum
2191 2227 2249 2278 de
2277 2228 2548 2292 sphaeric0‚

297 2309 410 2369 post
460 2303 519 2353 de
559 2310 666 2352 ortu
703 2303 861 2352 lineae
901 2310 948 2352 et
986 2301 1281 2366 superficiei,
1334 2300 1446 2351 inde
1495 2300 1555 2351 de
1594 2310 1701 2351 ortu
1741 2301 1932 2364 circuli,
1982 2309 2094 2366 post
2146 2301 2204 2351 de
2244 2301 2548 2365 regularibus

297 2377 470 2442 planis,
511 2383 614 2425 tum
654 2375 712 2426 de
751 2376 1054 2440 regularibus
1093 2376 1391 2440 corporibus.

471 2450 788 2514 Sphaericum
828 2456 876 2498 et
912 2449 1178 2512 perfectum
1218 2450 1443 2498 terminat
1480 2462 1532 2496 se
1570 2454 1620 2497 et
1658 2449 1815 2511 ipsum
1842 2449 2123 2512 perfectum.
2186 2447 2359 2510 Itaque
2394 2445 2551 2496 simil-

216 2555 218 2559 >
298 2523 415 2572 lima
453 2529 592 2573 erunt
629 2524 898 2586 sphaeric0‚
940 2537 1067 2585 quae
1107 2528 1156 2571 et
1191 2522 1408 2585 perfecta
1444 2527 1558 2569 sunt
1595 2522 1642 2567 in
1680 2535 1770 2569 suo
1805 2536 2007 2584 genere,
2048 2528 2102 2569 ut
2139 2520 2311 2582 solida,
2352 2527 2401 2569 et
2438 2534 2551 2583 per-

303 2597 442 2645 fectis
482 2598 794 2645 terminantur
833 2602 881 2644 et
918 2595 1172 2658 sphaerico
1211 2593 1451 2643 similibus
1490 2596 1714 2653 maxime,
1755 2602 1810 2642 ut
1845 2602 1958 2643 sunt
1984 2595 2280 2657 superficies.
2347 2593 2471 2642 Nam
2501 2595 2550 2640 in

302 2669 396 2718 hoc
435 2669 594 2718 officio
643 2676 755 2718 sunt
804 2668 1043 2731 perfecta,
1095 2673 1143 2716 et
1180 2674 1294 2716 sunt
1341 2669 1488 2717 etiam
1539 2666 1818 2729 superficies
1869 2674 1922 2715 ut
1967 2664 2292 2730 sphaericum.
2370 2666 2551 2715 Lineae
2634 2689 2638 2704 ·

301 2757 398 2791 non
435 2743 645 2806 perfecte
683 2744 954 2790 terminant.
1031 2739 1202 2789 Solida
1238 2747 1352 2789 sunt
1403 2742 1543 2803 quasi
1580 2742 1810 2801 materia,
1863 2740 2140 2803 superficies
2193 2740 2332 2803 quasi
2383 2739 2550 2787 forma.

305 2815 433 2864 Sane
471 2815 776 2879 sphaericum
827 2814 950 2862 nihil
1000 2815 1095 2861 nisi
1145 2813 1423 2876 superficies
1462 2819 1510 2861 et
1547 2812 1724 2873 forma,
1778 2813 1906 2862 unde
1953 2820 2193 2875 quatenus
2232 2811 2419 2861 solidae
2460 2812 2552 2875 ipsi

305 2894 667 2952 comparantur,
708 2895 756 2937 et
794 2889 931 2951 ipsae
969 2892 1081 2936 sunt
1119 2886 1399 2949 superficies
1437 2891 1485 2934 et
1521 2886 1688 2934 forma.
1755 2885 1836 2935 Sic
1874 2886 2009 2935 Deus
2047 2887 2202 2935 forma
2241 2887 2381 2949 quasi
2421 2899 2552 2933 mera
2619 2943 2622 2946 ⁴

305 2970 400 3024 est3
440 2976 597 3011 rerum
634 2962 816 3010 formae
857 2961 964 3010 Deo
1002 2959 1257 3009 similiores
1298 2973 1442 3021 quam
1479 2959 1695 3007 materia.
1769 2958 1890 3007 Inde
1929 2974 2004 3007 me
2041 2959 2211 3019 solv0,
2265 2957 2396 3021 quod
2435 2958 2550 3007 olim

302 3034 550 3091 dubitavi:
590 3036 632 3083 si
659 3035 863 3083 materia
888 3033 995 3082 sola
1021 3038 1222 3093 creatur,
1263 3032 1416 3081 forma
1443 3046 1502 3080 ex
1528 3031 1636 3080 Deo
1660 3031 1950 3095 resplendet,
1993 3032 2120 3081 unde
2148 3034 2295 3095 igitur
2334 3033 2545 3080 varietas

302 3107 604 3157 formarum?
666 3107 816 3170 Resp.
856 3107 977 3156 sorte
1009 3121 1106 3154 non
1146 3112 1219 3154 est
1256 3120 1388 3154 mera
1412 3106 1590 3167 imag0,
1632 3104 1719 3153 sed
1758 3105 1870 3153 talis
1908 3107 2086 3168 image,
2128 3119 2253 3168 quae
2293 3110 2340 3153 et
2371 3110 2547 3153 creata.
2607 3130 2610 3134 ⁴

303 3182 366 3230 Et
403 3183 565 3244 imago
606 3187 680 3230 est
719 3180 973 3244 quodlibet
1011 3179 1283 3242 superficiei
1320 3184 1551 3241 punctum
1581 3175 1844 3239 cujuslibet
1870 3177 2002 3240 plani
2030 3180 2164 3227 recti.
2228 3177 2358 3226 Nota
2384 3178 2552 3240 igitur,

304 3254 501 3315 formae,
543 3253 704 3318 quoad
744 3257 1020 3313 essentiam,
1059 3250 1367 3315 resplendent
1407 3266 1466 3299 ex
1505 3250 1638 3311 Dee,
1679 3250 1842 3312 quoad
1881 3250 2196 3311 differentias,
2239 3254 2456 3299 oriuntur
2493 3264 2552 3298 ex

304 3328 463 3388 rebUS,
483 3333 536 3376 ut
561 3326 840 3390 superficies
869 3342 929 3376 ex
955 3327 1254 3388 corporibus.
1295 3323 1552 3388 Omnino
1581 3323 2016 3387 metaphysice
2044 3331 2099 3372 et
2124 3324 2276 3372 haec
2315 3322 2553 3371 mathe-

306 3403 539 3449 matica
575 3399 891 3450 tradenda
928 3399 1102 3448 modo
1141 3397 1478 3462 parallelo·
1555 3396 1841 3445 Differentia
1881 3396 1994 3445 hinc
2034 3403 2108 3446 est
2146 3397 2241 3446 Dei
2282 3402 2330 3445 et
2367 3396 2554 3444 forma-

304 3488 423 3523 rum.
494 3475 547 3535 1)
586 3473 906 3537 Sphaericum
960 3474 1124 3522 omnia
1170 3476 1438 3533 sustentat,
1491 3469 1547 3530 2)
1586 3483 1639 3518 se
1688 3470 1794 3531 ipso
1848 3470 2090 3532 subsistit;
2147 3475 2199 3518 at
2235 3468 2384 3532 plana
2422 3474 2553 3517 recta

313 3548 610 3596 sustinentur
646 3545 909 3597 soliditate.

480 3618 610 3681 Quid
649 3620 794 3682 igitur
832 3626 946 3667 sunt
983 3618 1181 3667 lineae?
1245 3615 1561 3666 Differentiae
1599 3613 1859 3662 formarum
1886 3620 1935 3663 et
1972 3615 2338 3665 terminationes
2376 3614 2426 3660 in
2453 3612 2553 3661 sor-

309 3693 467 3742 matis.
533 3692 634 3740 Aut
683 3694 845 3755 potius
882 3694 993 3755 ipsa
1029 3692 1291 3741 formarum
1328 3688 1555 3755 ἐνεργεια,
1609 3701 1708 3749 qua
1761 3687 1917 3749 qualis
1957 3689 2112 3737 forma
2148 3689 2212 3736 sit
2251 3685 2551 3748 intelligitur.

312 3764 435 3813 Sunt
474 3767 668 3813 omnino
706 3771 926 3813 motuum
963 3765 1164 3813 umbrae
1211 3764 1394 3823 lineae,
1446 3763 1562 3825 quia
1610 3766 1867 3809 moventur
1912 3775 1988 3811 res
2026 3763 2075 3808 in
2113 3759 2269 3810 lineis.
2346 3758 2469 3808 Sunt
2506 3762 2554 3806 et

311 3837 510 3886 umbrae
548 3839 818 3896 actionum,
872 3839 988 3900 quia
1026 3844 1176 3900 agunt
1214 3836 1387 3886 stellae
1424 3849 1510 3898 per
1546 3833 1710 3882 lumen
1750 3839 1797 3882 et
1835 3834 2040 3896 angulos
2076 3832 2320 3883 radiorum
2358 3830 2553 3880 radian-

313 3916 402 3962 tes.
478 3909 557 3961 An
595 3910 760 3975 anguli
800 3909 1040 3978 ἐνεργειαι,
1079 3910 1239 3960 lineae
1279 3908 1578 3958 differentiae
1616 3912 1666 3956 et
1702 3907 2065 3957 terminationes
2102 3903 2398 3956 formarum?
2436 3915 2553 3953 sane
