2652 4088
273 152 381 212 202
867 154 1156 204 Colleetaned
1187 169 1244 202 ex
1275 155 1505 202 codicibus
1536 156 1930 204 Pulkoviensibus.

274 310 387 356 sunt
424 310 472 356 et
509 318 652 366 cava,
700 309 754 354 ut
792 310 841 355 et
877 320 1011 355 arma
1047 306 1228 369 ferrea,
1284 305 1347 356 ad
1386 306 1751 357 similitudinem
1785 307 2028 368 lintrium,
2077 305 2159 356 vel
2204 307 2524 371 praesepium,

275 394 400 443 quae
437 379 655 443 Krippen
694 377 915 428 dicimus.

451 452 540 501 IV.
568 457 652 501 72.
693 451 925 500 Flevum.
989 449 1146 513 Klew,
1186 451 1360 516 Kleve,
1404 453 1571 506 Cleve.
1634 454 1723 508 IV.
1753 459 1779 503 7
1788 458 1837 503 3.
1882 450 2251 516 Caninefatem.
2314 451 2526 502 Kamin-

272 525 380 575 fest.
456 525 636 574 Nescio
676 525 792 588 quid
830 527 905 576 sit.

449 597 540 647 IV.
583 603 664 650 73.
700 598 1067 650 Baduhennae.
1141 597 1352 647 Rursum
1390 613 1488 649 vox
1523 599 1682 661 Badu,
1722 604 1776 648 ut
1812 600 1863 646 in
1901 595 2225 659 Maroboduo,
2263 598 2315 645 in
2341 596 2526 646 Aeduis

269 672 423 720 forma
461 670 647 720 eadem.
725 671 871 721 Forte
916 673 986 721 sie
1036 672 1183 720 etiam
1223 672 1545 723 Arduhenna:
1595 672 1757 735 Ardu,
1796 672 1969 734 Bodu,
2010 670 2171 720 Aedu.
2246 670 2371 721 Item
2408 684 2525 721 vero

273 744 419 795 Hand
456 749 541 793 aut
579 744 723 793 heim.

450 818 518 868 ib.
563 816 854 880 Cruptorix.
928 817 1235 881 Kriipterich,
1276 817 1412 868 dives
1451 833 1708 881 armorum,
1747 823 1802 867 ut
1838 831 1987 881 supra
2025 815 2331 880 Crupellarii.

454 889 548 943 XI.
591 895 674 942 16.
715 890 894 940 Italae.
972 891 1190 954 Antiqua
1238 898 1285 942 et
1324 908 1438 943 vere
1475 907 1709 957 germana
1757 906 1881 941 vox:
1935 889 2088 952 Eitel,
2142 890 2368 953 quamvis
2407 889 2527 954 quid

278 965 516 1030 significet
554 964 826 1024 obscurum,
866 965 987 1013 forte
1026 980 1217 1028 purum.

453 1036 707 1086 Catumer.
769 1037 980 1085 Rursum
1019 1053 1114 1088 vox
1153 1044 1280 1098 catu,
1319 1037 1698 1103 Hessenmayer.
1750 1037 1918 1088 Simile
1954 1038 2053 1087 fere
2092 1036 2313 1098 Casimir,
2351 1050 2527 1100 quam-

275 1111 366 1171 viS,
407 1115 462 1158 ut
501 1112 694 1173 opinor,
735 1110 1038 1164 Polonicum.
1114 1112 1192 1160 An
1230 1111 1301 1159 illi
1339 1127 1369 1162 a
1408 1111 1664 1161 Germanis
1702 1111 1948 1161 mutuati?
2447 1133 2455 1138 ·

447 1182 544 1235 XI.
587 1188 667 1233 18.
725 1181 1010 1246 Gannasco,
1051 1184 1308 1235 Chenisco.
1386 1184 1644 1247 Gannask,
1695 1187 1780 1234 vix
1828 1187 1897 1234 sic
1944 1185 2191 1246 scriptum.
2266 1182 2390 1232 Nam
2441 1188 2527 1232 aut

277 1255 512 1305 Gannash
552 1262 637 1305 aut
673 1263 897 1318 gannast‚
937 1259 1059 1307 forte
1087 1259 1310 1322 Hengist.
1375 1259 1605 1322 Superest
1644 1257 1818 1319 Ginen‚
1857 1257 1988 1321 apud
2028 1256 2297 1306 Germanos
2334 1275 2522 1322 χαιίἐιν,

275 1332 442 1393 itaque
483 1329 733 1378 Gannast:
774 1345 855 1379 ore
894 1332 1137 1390 terribiliS‚
1178 1339 1263 1381 aut
1300 1333 1487 1382 bestiae
1525 1347 1716 1393 nomen,
1758 1346 1839 1381 ore
1880 1331 2096 1381 deformi.

445 1402 567 1452 XII.
609 1408 691 1454 27.
742 1403 1046 1467 Vanyiones.
1112 1405 1333 1469 Vangio,
1374 1406 1535 1468 Vang,
1575 1405 1753 1468 Wang.
1821 1406 1896 1453 An
1935 1406 2052 1453 novi
2092 1401 2208 1465 quid
2244 1403 2388 1452 insert
2425 1408 2525 1452 ter-

277 1478 481 1525 minatio
519 1479 671 1537 ione8,
712 1477 835 1526 alias
873 1481 905 1540 i,
946 1478 1027 1527 vel
1065 1494 1195 1528 ones.
1271 1480 1416 1528 Forte
1454 1482 1473 1527 i
1511 1479 1650 1528 adest
1689 1484 1882 1543 propter
1919 1494 1963 1538 0,
2003 1483 2058 1526 ut
2095 1476 2274 1539 gallica
2310 1478 2375 1525 sit
2410 1491 2528 1540 pro-

273 1551 539 1599 nunciatio.
609 1550 886 1613 Wanghen.
949 1550 1108 1602 Multa
1145 1552 1256 1601 loea
1291 1554 1341 1599 in
1382 1552 1646 1603 Germania
1685 1552 1927 1600 vocabulo
1966 1551 2207 1612 Wangen.

447 1623 510 1674 ib.
560 1622 799 1674 Nemetes,
877 1623 1071 1674 Gallica
1119 1625 1379 1687 dialectus,
1445 1628 1494 1673 in
1547 1625 1755 1674 Caesare
1806 1625 1987 1674 alicubi
2037 1630 2110 1673 est
2159 1623 2526 1685 Nemetocerna,

273 1696 447 1746 Nemet
485 1696 630 1748 Kern.
691 1697 865 1746 Nemet
901 1703 1090 1760 garten,
1130 1699 1281 1748 sehon
1322 1699 1476 1747 Land.
1540 1698 1837 1748 Terminatio
1878 1701 2075 1761 inquam
2113 1696 2319 1760 gallica,
2360 1695 2527 1761 Orget‚

272 1769 464 1830 Nemet,
506 1772 681 1833 cinget.
758 1770 834 1818 An
874 1770 1119 1819 residuum
1161 1771 1346 1835 aliquid
1384 1774 1433 1820 in
1474 1786 1593 1820 voce
1632 1772 1816 1821 Namur
1854 1771 1932 1820 vel
1972 1770 2174 1819 Glami?

450 1841 570 1893 XII.
613 1847 697 1892 29.
748 1843 975 1906 Vibilius,
1015 1844 1247 1905 Jubilius,
1287 1847 1414 1893 sicut
1451 1842 1678 1894 Uibilius
1756 1844 1912 1894 Credo
1950 1844 2071 1893 nihil
2110 1845 2268 1894 inesse
2305 1845 2528 1908 gemina-

277 1917 399 1966 tioni
437 1931 503 1978 u3
543 1915 710 1977 Jubel‚
751 1916 837 1965 sed
877 1916 995 1979 quid
1035 1917 1147 1967 est?
1223 1918 1299 1966 An
1341 1917 1502 1977 Gibel,
1543 1917 1708 1981 apex?

448 1990 513 2038 ib.
556 1989 692 2037 Sido.
769 1989 869 2050 sid,
909 1989 1103 2048 Schied‚
1143 1990 1336 2043 Scheid
1415 1991 1608 2039 Arbiter
1645 1991 1785 2042 sorte.

447 2063 513 2114 ib.
554 2062 704 2126 Liyii.
780 2064 905 2112 Ecce
953 2079 1141 2113 rursum
1178 2067 1197 2112 i
1234 2071 1346 2127 post
1382 2080 1428 2128 9.
1501 2065 1629 2114 Num
1675 2079 1706 2113 a
1742 2064 1903 2129 Lym,
1950 2061 2142 2112 lectus?
2203 2060 2280 2112 die
2328 2060 2526 2125 Lichen,
2623 2060 2641 2101 “.

282 2135 359 2186 die
398 2135 629 2195 Laichen‚
670 2135 747 2184 die
786 2136 986 2199 Liegen,
1026 2137 1256 2189 liechen‘?

448 2208 567 2261 XII.
608 2214 690 2261 31.
728 2208 1027 2259 Britannia.
1101 2211 1195 2260 Die
1234 2211 1366 2275 freye
1405 2211 1576 2260 Danen
1617 2209 1698 2260 vel
1737 2208 1815 2257 die
1853 2208 2168 2258 Preishanen.

451 2283 517 2333 ib.
557 2283 761 2342 Auvon,
802 2284 998 2332 fluvius.
1074 2284 1372 2333 Terminatio
1411 2300 1478 2334 on
1516 2283 1677 2333 adhuc
1713 2283 1762 2329 in
1803 2282 1970 2331 Scotia
2006 2282 2249 2345 frequens.

450 2355 517 2404 ib.
559 2355 764 2404 Sabrin.
843 2357 960 2405 Esto
1000 2362 1048 2406 et
1085 2357 1208 2407 haee
1247 2359 1522 2407 terminatio
1561 2357 1860 2406 Britannica.

453 2429 520 2477 ib.
562 2428 713 2478 Iceni.
790 2427 1011 2492 Hieken,.
1039 2430 1257 2480 Hecken.
2593 2461 2633 2494 ιη,

453 2501 574 2552 XII.
626 2507 708 2551 32.
759 2504 974 2566 Canyos.
1050 2503 1145 2553 Hie
1181 2521 1214 2567 9
1252 2518 1349 2553 non
1398 2504 1549 2553 habet
1586 2506 1619 2566 i,
1658 2517 1722 2553 an
1772 2503 1890 2566 quia
1926 2501 2024 2551 alia
2061 2504 2136 2550 est
2183 2499 2528 2549 Britannorum
2608 2537 2612 2542 .

279 2573 555 2624 dialectus‘?
615 2575 841 2638 Kangen.
2611 2580 2625 2642 ‚'

460 2648 524 2698 ib.
565 2648 832 2697 Hibernia.
894 2647 1053 2697 Multa
1092 2649 1238 2699 credo
1277 2655 1480 2710 mutata,
1521 2649 1675 2699 donee
1710 2650 1760 2696 in
1799 2648 1925 2697 hane
1962 2647 2163 2696 sormam
2201 2644 2404 2694 latinam
2444 2642 2532 2695 de·
2604 2707 2606 2709 ,

278 2727 545 2786 generaret.
622 2721 782 2770 Hodie
819 2718 1000 2781 Irland,
1041 2721 1155 2769 olim
1193 2723 1314 2772 forte
1354 2723 1598 2782 Iberland,
1638 2738 1663 2771 e
1702 2723 1900 2784 regione
1938 2735 2005 2769 se.
2047 2720 2347 2769 Britanniae.

451 2795 515 2842 ib.
558 2794 846 2857 BriyanteS.
924 2794 1100 2843 Confer
1135 2795 1388 2844 Britannia
1428 2802 1476 2844 et
1515 2796 1718 2855 videbis,
1760 2800 2034 2858 separatam
2074 2808 2181 2842 esse
2220 2806 2391 2841 vocem
2419 2791 2530 2852 Bri,

280 2868 400 2931 frey,
438 2874 613 2931 yantes
655 2882 765 2916 vero
815 2867 939 2916 idem
980 2868 1100 2917 forte
1141 2882 1249 2917 cum
1289 2869 1469 2932 Cangis
1519 2869 1769 2933 proximis,
1845 2867 1938 2917 Vel
1978 2872 2082 2916 esto
2121 2881 2237 2916 sane
2277 2865 2530 2929 vulgatum
2595 2893 2603 2904 ·

282 2940 405 2990 illud
446 2940 604 3000 Gand,
647 2939 792 3003 Gent,
832 2940 994 2993 Gund.

425 3015 491 3067 ib.
533 3014 781 3063 Silurum.
859 3013 1078 3074 Schiller,
1119 3013 1335 3076 Seiiller3
1375 3013 1460 3062 sed
1499 3030 1566 3063 ur
1605 3015 1876 3064 terminatio
1916 3019 1970 3063 ut
2006 3015 2056 3062 in
2081 3010 2406 3074 Hermundur,
2447 3015 2534 3061 aut

281 3089 398 3152 quia
435 3104 473 3137 u
511 3101 569 3137 eo
608 3086 718 3136 loco
757 3087 862 3148 fuit,
903 3102 1000 3150 quo
1041 3087 1188 3136 hodie
1227 3102 1252 3135 e
1286 3089 1556 3137 terminate.

463 3162 526 3212 ib.
572 3160 1000 3213 Gamalodunum.
1074 3160 1370 3222 Hujusmodi
1425 3176 1573 3210 voces
1610 3158 1928 3223 persuadent,
1984 3160 2187 3208 sormam
2225 3160 2532 3222 germanicae

280 3233 481 3297 linguae
507 3235 754 3283 Britannis
782 3249 1084 3283 communem
1111 3235 1275 3284 fuisse.
1337 3233 1679 3293 Hemmeldun,
1719 3233 1921 3294 Kame13
1962 3233 2079 3295 quid
2104 3233 2238 3281 aliud
2263 3235 2327 3281 sit
2351 3234 2531 3281 nesei0.

465 3307 586 3358 XII.
628 3313 713 3357 33.
761 3307 1040 3369 Caractaci,
1082 3307 1345 3356 Divitiaci.
1424 3306 1614 3355 Gallica
1653 3312 1699 3355 et
1725 3307 2006 3355 Britannica
2043 3308 2331 3366 terminatio,
2371 3304 2534 3354 multis

284 3381 519 3444 exemplis
559 3381 783 3443 probata.
846 3381 1129 3431 Hodiedum
1167 3381 1277 3429 loca
1314 3382 1364 3427 in
1404 3381 1496 3429 ach
1533 3380 1780 3429 desinunt:
1822 3380 2122 3429 Baeharach.
2187 3378 2530 3451 Kracktaeher,

220 3466 224 3470 ·
283 3454 632 3504 Krachtaeher.

464 3528 531 3576 ib.
577 3526 867 3578 Ordovicas.
943 3526 1058 3577 Alia
1097 3526 1388 3577 Germanica
1426 3540 1524 3576 vox
1563 3523 1771 3589 Ortwig,
1819 3528 1925 3575 sive
1963 3525 2123 3575 locum
2161 3523 2400 3588 significet
2437 3535 2533 3572 vox

286 3597 400 3661 Ord,
443 3602 548 3649 sive
589 3599 722 3648 aliud
761 3599 1008 3662 quiddam.
2499 3615 2508 3620 “

464 3673 584 3721 XII.
627 3678 711 3722 36.
758 3673 1156 3725 Cartimandua
1208 3678 1256 3722 et
1306 3671 1667 3721 Cartimandua.
1744 3672 1893 3721 Vocis
1942 3670 2144 3720 Mandu
2182 3671 2301 3719 alibi
2340 3681 2534 3732 quoque

286 3746 508 3807 exempla
561 3747 609 3793 in
661 3744 834 3794 Galliis
861 3741 1294 3815 (Mandubratius).
1381 3744 1731 3804 Veromandui‚
1781 3748 1859 3794 eui
1904 3746 2014 3793 voci
2064 3758 2290 3808 comparo
2344 3742 2583 3791 Phara-²

286 3817 508 3871 mundus
573 3818 721 3878 Ver0,
759 3819 935 3886 Phara,
962 3820 1162 3881 Pharas,
1202 3820 1338 3869 War.
1401 3818 1614 3880 Mandu,
1653 3817 1823 3867 Mund.
1886 3817 2070 3868 Mandu
2109 3831 2205 3866 vox
2230 3814 2534 3869 accensenda
