2652 4088
891 135 949 183 11.
978 134 1206 182 Historica
1237 139 1283 180 et
1311 134 1603 195 Philologica.
2268 134 2374 191 215

124 297 191 342 20
230 291 413 354 priores
451 289 511 339 de
546 287 632 338 illa
656 288 890 337 servitute
915 299 1196 349 occupasse.
1248 286 1378 337 Saue
1416 287 1700 336 servitutem
1742 290 1791 334 et
1827 284 1956 333 hunc
1989 283 2204 348 judicem
2231 285 2377 334 simul

124 366 322 413 stetisse
362 362 504 411 facile
542 363 732 410 admitti
770 366 945 424 potest,
987 361 1101 422 quia
1139 360 1341 422 angelus
1381 361 1560 423 inquit,
1604 360 1834 422 „incipiet
1862 358 2065 407 liberare
2092 358 2377 421 Israelem“,

125 439 241 500 quia
281 439 397 484 item
436 435 569 484 solus
606 436 783 483 restitit
817 432 1052 483 Israelitis
1091 435 1195 482 sine
1235 447 1474 482 consensu
1511 432 1591 482 vel
1631 431 1813 482 auxilio
1853 431 2118 491 tribulium,
2158 433 2255 481 imo
2293 446 2373 481 re-

43 516 48 519 ⁴
122 510 455 574 pugnantibus
494 509 628 571 ipsiS‚
669 509 752 569 qui
786 509 938 570 ‘etiam
977 506 1186 554 fatentur
1212 521 1319 570 cap.
1353 511 1433 568 15,
1465 512 1555 555 11:
1595 505 1867 568 „dominari
1905 504 1997 552 sibi
2024 504 2371 558 Pl1ilistaeos.“

25 563 27 567 ,
120 584 277 631 Annis
316 597 431 631 vero
470 581 785 643 sequentibus
809 579 929 626 nihil
958 578 1243 628 describitur
1281 582 1375 628 nisi
1414 580 1610 628 vexatio
1652 578 1970 638 dominorum,
2010 577 2146 626 nulla
2183 584 2378 642 postes-

29 692 31 720 3
123 658 237 704 tatis
276 658 491 718 ipsorum
531 654 798 702 diminutio,
873 651 1089 700 Moriens
1129 654 1273 700 etiam
1315 652 1543 714 relinquit
1582 651 1818 711 dominOS‚
1859 666 1889 698 a
1928 651 2103 712 quibus
2141 657 2285 700 antea
2323 653 2373 699 in

126 743 365 778 carcerem
405 732 507 775 erat
545 726 808 788 conjectuS,
850 731 898 773 et
930 725 1030 788 jam
1069 727 1328 774 moriturus
1367 725 1671 788 producitur,
1723 730 1775 772 ut
1813 723 1952 771 ludat
1989 738 2148 771 eoram
2189 724 2378 774 solenni

26 813 29 839 1
121 808 170 850 et
207 815 330 864 pene
356 798 634 862 triumphali
661 800 874 860 ipsorum
901 805 1159 858 conventu,
1201 814 1326 861 quae
1353 800 1623 846 animorum
1651 799 1884 845 securitas
1914 795 2178 844 dominium
2205 799 2379 860 arguit.

30 871 32 930 ἦ
121 875 319 923 Diserte
358 872 669 920 confirmatur
708 886 815 933 cap.
861 874 941 932 15,
984 877 1067 920 20.
1142 873 1212 919 At
1248 886 1435 919 rursum
1476 885 1580 933 cap.
1626 874 1707 929 14,
1749 875 1795 918 4.
1846 868 1959 918 vide
1998 869 2115 917 mihi
2154 884 2211 918 eo
2251 878 2378 919 tem-

120 962 265 1010 pore,
317 959 414 1007 quo
457 945 560 1006 Jam
612 943 712 991 dixi
764 945 1001 1006 incepisse
1058 943 1333 993 Samuelem
1380 943 1625 1006 judicare,
1669 943 1773 1004 jam
1827 942 2056 990 coalitam
2107 945 2377 1005 potentiam

30 1011 33 1058 ἶ
117 1018 510 1077 Philistaeorum‚
552 1031 678 1078 quae
721 1030 778 1064 eo
811 1017 916 1078 jam
944 1023 1222 1066 excreverat
1248 1015 1535 1080 tyrannidis,
1577 1021 1631 1063 ut
1648 1015 1750 1077 jam
1778 1015 1914 1063 Deus
1943 1014 2001 1063 de
2029 1014 2214 1064 ultione
2241 1018 2378 1079 eogi-

120 1091 280 1141 taret?
331 1090 461 1153 Quid
487 1088 780 1138 dicendum?
833 1090 933 1137 Aut
973 1089 1164 1138 Simson
1206 1104 1303 1138 non
1342 1091 1524 1152 incepit
1561 1090 1725 1136 statim
1764 1089 1855 1136 sub
1894 1089 2085 1135 initium
2126 1091 2376 1138 servitutis

31 1181 33 1235 ὲ
118 1164 441 1223 Philistaeae,
489 1170 576 1211 aut
615 1161 835 1210 Abdonis
886 1170 1102 1225 tempore
1150 1163 1391 1210 tributarii
1430 1168 1581 1211 erant.
1656 1160 1785 1209 Illud
1824 1162 1981 1224 magis
2032 1161 2292 1211 verisimile
2330 1168 2378 1211 et

31 1244 33 1254 ⁴
119 1239 217 1287 sere
257 1237 473 1295 dixerim,
512 1242 754 1284 mortuum
785 1235 940 1296 paulo
980 1242 1092 1284 ante
1132 1234 1222 1283 Eli.

291 1309 518 1359 Summa:
558 1309 679 1356 liber
706 1307 924 1355 Iudicum
954 1307 1131 1356 desinit
1167 1310 1213 1355 in
1242 1308 1541 1357 servitudine
1567 1306 1960 1367 Philistaeorum,
1987 1306 2110 1355 liber
2136 1305 2377 1356 Samuelis

32 1401 34 1446 ζ
119 1384 181 1432 ab
222 1398 281 1432 ea
317 1384 499 1445 incipit.
552 1383 680 1442 Ergo
719 1381 856 1428 initio
896 1381 1005 1428 libri
1045 1381 1285 1430 Samuelis
1325 1388 1456 1440 nota,
1498 1379 1628 1442 quod
1667 1380 1743 1427 Eli
1784 1379 1928 1428 suerit
1953 1394 2170 1428 summus
2208 1381 2376 1444 ponti-

32 1461 35 1514 ’,
122 1458 202 1506 sex
239 1464 289 1504 et
326 1455 411 1503 filii
453 1455 558 1516 ejus
598 1453 798 1517 Hophni
838 1460 887 1502 et
925 1453 1136 1502 Pinehas
1175 1453 1319 1502 simul
1358 1455 1405 1500 in
1446 1453 1630 1513 officio,
1683 1452 1880 1500 adultae
1919 1453 2067 1514 igitur
2107 1456 2281 1502 aetatis
2320 1468 2378 1502 eo

32 1527 35 1582 ἓ
118 1537 349 1592 tempore,
390 1542 487 1590 quo
527 1526 724 1576 Samuel
766 1527 1070 1578 nascebatur.
1145 1527 1204 1575 Id
1244 1526 1438 1590 quando
1479 1527 1637 1587 suerit,
1678 1541 1774 1574 non
1814 1525 2069 1579 indicatur.
2150 1526 2380 1577 Debebat

33 1592 35 1646 ἶ
118 1603 313 1666 quidem
354 1602 503 1649 fuisse
542 1606 654 1663 post
692 1614 943 1648 excessum
983 1600 1236 1660 Simsonis,
1277 1601 1317 1647 si
1346 1600 1562 1648 ord-inem
1590 1599 1846 1648 verborum
1874 1598 2218 1662 adspiciamuS.
2282 1598 2381 1648 Sed

33 1677 35 1726 J
116 1678 166 1723 in
206 1675 530 1737 descriptione
580 1672 861 1734 hujusmodi
899 1675 1163 1736 originum,
1214 1678 1266 1721 ut
1307 1679 1354 1721 et
1393 1687 1540 1736 supra
1578 1672 1839 1733 Simsonis,
1894 1678 2176 1735 repetuntur
2229 1686 2377 1736 saepe

33 1782 36 1796 .
117 1749 285 1811 aliqua
323 1762 381 1796 ex
422 1748 714 1809 antiquitate
755 1752 804 1794 et
840 1747 1115 1794 inseruntur
1154 1748 1203 1794 in
1243 1746 1456 1794 medium
1497 1752 1799 1806 contextum,
1851 1750 1905 1793 ut
1953 1752 2000 1794 et
2047 1747 2170 1794 infra
2208 1747 2256 1794 in
2296 1746 2374 1794 hi-

116 1824 268 1870 storia
308 1820 529 1869 DavidiS.
605 1818 734 1867 Illud
774 1818 970 1881 quidem
1010 1819 1286 1880 tenendum,
1327 1833 1424 1882 quo
1466 1824 1681 1883 tempore
1708 1818 1907 1868 Samuel
1939 1820 2247 1882 nascebatur,
2288 1818 2379 1869 ad-

118 1894 523 1946 mo‘dumssenem
561 1892 712 1940 fuisse
754 1892 845 1943 Eli.

97 2007 100 2010 ,
286 1967 458 2029 Capite
498 1971 545 2015 3.
586 1964 870 2014 describitur
897 1965 1038 2012 nobis
1063 1964 1276 2027 perfecta
1303 1970 1439 2014 aetas
1466 1963 1706 2015 Samuelis
1734 1978 1774 2014 c.
1807 1968 1872 2014 35
1915 1980 2148 2014 annorum
2179 1966 2258 2015 vel
2287 1970 2371 2028 40,

36 2042 37 2058 ’
115 2054 259 2102 quam
288 2041 379 2088 sub
409 2039 484 2087 Eli
512 2039 746 2100 transegit
769 2044 882 2086 ante
915 2039 1144 2086 amissam
1171 2052 1348 2098 arcam,
1389 2044 1444 2086 ut
1482 2038 1575 2088 hoc
1600 2044 1744 2102 pacto
1783 2044 1927 2087 natus
1965 2039 2030 2087 sit
2066 2040 2115 2086 in
2147 2038 2373 2102 judicatu

36 2170 37 2174 Ἰ
114 2112 207 2162 Eli.
281 2112 334 2161 Si
373 2118 484 2175 post
521 2126 630 2174 cap.
675 2116 753 2160 16.
819 2109 1039 2158 Indicum
1079 2110 1270 2172 legatur
1307 2110 1438 2162 Sam.
1478 2125 1518 2160 c.
1562 2117 1621 2172 4,
1676 2109 1922 2160 videbitur
1961 2111 2155 2175 quidem
2205 2112 2372 2175 aliqua

36 2178 37 2197 ¹
118 2187 420 2235 continuatio
458 2185 706 2244 historiae,
746 2182 833 2232 sed
871 2190 1033 2232 tamen
1072 2183 1236 2232 hiatus
1277 2184 1546 2236 intercedit.
1622 2184 1745 2233 Nam
1788 2199 1896 2233 eum
1935 2199 2082 2248 supra
2119 2199 2215 2234 non
2243 2191 2373 2234 esset

117 2259 298 2308 bellum
350 2258 630 2306 Philistaeis
683 2271 790 2305 eum
828 2255 1089 2317 Israelitis,
1144 2256 1353 2305 subditis
1406 2263 1454 2305 et
1501 2259 1702 2320 quietis,
1755 2263 1942 2306 tantum
1991 2273 2097 2306 cum
2147 2258 2370 2308 Simsone

116 2333 281 2391 unicO,
327 2332 432 2394 jam
470 2332 633 2380 subito
682 2331 893 2379 cooritur
938 2329 1126 2393 justum
1164 2330 1344 2379 bellum
1385 2331 1509 2380 inter
1545 2337 1738 2393 gentes,
1790 2345 1878 2381 nec
1917 2346 2068 2380 eausa
2104 2331 2368 2394 indicatur3

117 2404 287 2454 eodem
327 2419 432 2469 cap.
476 2409 523 2465 4,
566 2409 612 2453 6.
654 2402 845 2452 videtur
894 2409 1022 2453 certe
1075 2402 1234 2452 adhuc
1285 2403 1456 2452 durare
1511 2404 1597 2454 illa
1642 2406 1852 2453 servitus
1892 2410 1957 2454 40
1997 2419 2232 2453 annorum
2279 2405 2369 2454 sub

38 2495 39 2509 ³
114 2477 412 2538 Philistacis,
453 2479 569 2540 quia
605 2482 827 2526 metuunt
865 2476 960 2525 sibi
986 2476 1239 2525 Philistaei
1279 2477 1340 2525 ab
1382 2475 1597 2526 adventu
1637 2492 1794 2539 arcae,
1832 2492 1892 2527 ne
1932 2479 2214 2528 servitutem
2252 2479 2371 2541 ipsis

38 2567 39 2572 ¹
116 2552 291 2615 pariat,
332 2553 415 2613 qui
455 2550 634 2599 domini
674 2550 864 2598 fuerant
901 2556 950 2598 et
987 2564 1095 2599 esse
1135 2556 1506 2599 consueverant.
1554 2550 1679 2599 Nam
1721 2566 1766 2599 v.
1799 2557 1844 2600 7.
1883 2551 2108 2613 fatentur,
2149 2551 2198 2599 id
2226 2558 2371 2600 antea

115 2638 363 2686 nunquam
402 2624 583 2672 factum
636 2637 766 2683 esse,
820 2636 887 2670 sc.
927 2629 1073 2671 antea
1116 2622 1258 2672 facile
1299 2623 1481 2671 domini
1521 2635 1737 2685 eramUS,
1779 2639 1889 2673 cum
1926 2623 2142 2673 nondum
2181 2624 2247 2672 dii
2283 2638 2371 2688 pro

39 2708 41 2714 ’
115 2696 349 2746 Israelitis
387 2702 675 2760 pugnarent.
740 2695 802 2744 V.
849 2700 930 2746 18.
970 2696 1045 2744 Eli
1080 2696 1271 2759 judicat
1308 2696 1556 2745 Israelitas
1595 2711 1749 2746 annos
1791 2702 1874 2746 40.
1936 2697 1995 2746 Id
2023 2697 2265 2760 quomodo
2292 2699 2371 2745 in-

117 2769 469 2832 telligendum?
509 2770 634 2818 Num
675 2768 990 2817 continuandi
1029 2784 1139 2818 cum
1170 2774 1233 2818 40
1276 2769 1572 2819 Philistaeae
1612 2773 1874 2832 servitutis,
1915 2777 1968 2819 ut
2005 2771 2189 2820 faciunt
2213 2770 2368 2820 Chro-

118 2842 318 2905 nologi?
382 2842 502 2905 Quis
541 2845 687 2904 igitur
719 2841 871 2904 judex
912 2842 1078 2904 heros,
1133 2845 1241 2905 quis
1280 2843 1397 2892 belli
1438 2849 1641 2892 eventus
1681 2846 1959 2893 terminavit
1994 2844 2105 2893 illos
2146 2849 2236 2905 40,
2291 2845 2370 2892 in—

119 2915 317 2964 choavit
353 2916 444 2964 hos
487 2914 590 2964 40?
652 2914 728 2963 Eli
766 2929 862 2963 non
904 2922 976 2964 est
1014 2922 1233 2965 servator
1272 2922 1325 2964 ut
1363 2915 1536 2977 Thola,
1578 2930 1673 2965 non
1713 2917 1920 2966 bellator
1958 2922 2011 2964 ut
2040 2917 2229 2975 Abdon‚
2271 2931 2369 2965 non

119 2987 178 3037 de
217 2991 356 3052 vagis
392 2989 637 3047 tribubus,
691 2988 777 3038 sed
815 2988 1069 3049 sacerdos,
1121 2988 1208 3038 sed
1257 2989 1316 3038 de
1368 2991 1496 3039 tribu
1534 2989 1672 3038 Levi.
1751 2989 1911 3051 Quare
1962 2989 2056 3038 hoe
2110 2988 2253 3038 modo
2292 2988 2369 3038 Eli

30 3096 31 3100 ,
114 3060 361 3124 judicatus
401 3061 694 3111 coincideret
744 3076 852 3110 cum
900 3063 1084 3111 servitu
1123 3062 1394 3111 Philistaea
1444 3068 1491 3111 et
1529 3069 1671 3111 natus
1710 3069 1839 3112 esset
1877 3062 2071 3111 Samuel
2121 3062 2218 3111 fere
2259 3076 2369 3110 cum

29 3127 33 3137 ι’
118 3132 355 3183 Simsone.
418 3135 525 3184 Nisi
562 3134 655 3182 hoc
694 3134 926 3193 dicamus,
966 3141 1209 3198 sequetur,
1251 3135 1526 3185 Samuelem
1565 3141 1677 3184 ante
1703 3135 1974 3184 Simsonem
2014 3140 2060 3184 et
2086 3140 2197 3183 ante
2230 3133 2368 3197 judi-

30 3244 33 3263 2
120 3214 280 3256 catum
318 3207 395 3255 Eli
433 3215 600 3256 natum
638 3208 728 3256 sub
767 3206 990 3269 Abdone‚
1033 3208 1111 3257 vel
1149 3208 1244 3256 illis
1285 3210 1472 3260 vicinis.
1526 3209 1593 3256 At
1632 3223 1757 3270 quae
1796 3222 1944 3257 causa
1983 3208 2245 3272 afferretur,
2286 3221 2368 3256 cur

32 3299 33 3310 ¹
117 3280 195 3328 Eli
233 3280 459 3329 sacerdos
495 3296 712 3329 summus
750 3280 947 3341 suisset,
987 3280 1192 3330 necdum
1227 3280 1414 3342 judex?
1478 3281 1554 3327 An
1595 3280 1718 3342 ideo,
1762 3282 1878 3343 quia
1915 3286 2103 3328 mortuo
2144 3279 2367 3329 Simsone

30 3326 34 3406 i
119 3367 262 3402 nemo
301 3353 536 3416 superfuit
574 3353 762 3416 dignior
801 3369 946 3416 quam
983 3353 1245 3403 sacerdos?
1298 3354 1363 3401 At
1402 3353 1591 3402 Simson
1620 3353 1714 3400 illis
1754 3354 1891 3402 annis
1930 3358 1993 3401 40
2024 3352 2096 3400 Eli
2138 3355 2368 3402 statuitur

124 3432 190 3475 20
225 3424 489 3487 judicasse.
565 3426 642 3474 An
681 3427 826 3488 igitur
863 3426 1001 3488 ide0,
1055 3428 1169 3489 quia
1221 3431 1332 3488 post
1369 3432 1572 3474 mortem
1612 3425 1788 3474 Abdon
1838 3440 1933 3473 non
1971 3427 2135 3476 statim
2174 3425 2367 3475 Simson

32 3519 33 3522 ¹
122 3500 309 3560 coepit,
357 3497 548 3546 Simson
595 3499 740 3561 igitur
786 3505 835 3548 et
871 3500 949 3549 Eli
1004 3499 1147 3548 simul
1195 3498 1328 3547 suere
1379 3500 1517 3547 annis
1558 3504 1650 3557 20,
1704 3499 1781 3546 Eli
1831 3503 1994 3548 autem
2041 3500 2204 3548 statim
2256 3505 2367 3563 post

31 3571 35 3608 ’ἐ
122 3570 338 3620 Abdon‘?
389 3570 447 3617 Id
485 3572 556 3619 sic
594 3570 859 3622 credamus.
918 3572 1015 3621 Sed
1054 3578 1214 3620 tamen
1253 3574 1294 3619 si
1334 3570 1531 3620 Samuel
1568 3571 1658 3619 sub
1699 3584 1948 3620 excessum
1986 3571 2064 3620 Eli
2102 3572 2270 3622 suisset
2299 3577 2364 3623 50

32 3676 35 3686 s
104 3644 204 3694 “vel
245 3648 309 3692 60
352 3656 607 3703 annorum,
656 3652 766 3693 cum
802 3644 881 3693 Eli
917 3651 1134 3694 mortuus
1174 3645 1237 3691 sit
1278 3647 1341 3692 98
1384 3657 1642 3705 annorum,
1695 3657 1807 3707 ergo
1845 3643 2018 3693 fuisset
2056 3649 2120 3694 48
2165 3644 2241 3695 vel
2281 3648 2364 3708 38,

42 3747 46 3751 -
123 3715 172 3769 h.
201 3731 241 3764 e.
273 3720 483 3765 40—50
512 3729 747 3765 annorum
782 3725 1012 3767 nascente
1039 3716 1278 3776 Samuele,
1320 3721 1367 3764 et
1397 3720 1605 3765 50—60
1634 3730 1884 3779 annorum,
1925 3731 2032 3767 cum
2070 3717 2143 3768 illi
2174 3720 2365 3768 minist-

36 3831 37 3838 ,
122 3795 251 3839 taret
287 3787 486 3838 Samuel
534 3803 667 3851 puer.
743 3789 811 3838 At
847 3797 1009 3840 tamen
1061 3789 1233 3838 dicitur
1281 3787 1541 3838 admodum
1578 3803 1726 3839 senex
1773 3790 1938 3842 fuisse.
2000 3791 2128 3855 Ergo
2168 3794 2363 3842 omnino

126 3860 324 3913 Samuel
369 3867 557 3912 mortuo
594 3860 674 3911 Eli
710 3874 808 3911 non
856 3862 948 3914 suit
994 3862 1428 3927 quadragenarius3
1482 3863 1676 3914 omnino
1728 3864 1797 3915 ita
1849 3863 2132 3917 describitur
2168 3865 2365 3918 Samuel
