2652 4088
406 1355 914 1427 illustrissimo
972 1352 1552 1448 Celsissimoque
1612 1353 1938 1449 Principi
1992 1376 2075 1424 ac
2129 1351 2430 1423 domino

1360 1529 1403 1576 D

277 1671 932 1801 PHILIPPO,
1074 1671 1851 1786 LANllGRAVlss
2006 1668 2528 1800 HAssllll,

369 1851 571 1909 Comiti
620 1852 677 1908 in
725 1849 1306 1922 Catzenellenbogeu,
1360 1850 1534 1921 Dietz,
1585 1850 1953 1922 Ziegenhaim
2002 1852 2053 1907 ὃς
2103 1850 2298 1907 Nittau
2345 1850 2447 1906 dcc.

733 1959 833 2016 Dn.
885 1976 954 2018 ac
1000 1959 1247 2034 Principi
1296 1977 1399 2017 suo
1450 1959 1918 2029 Clementissimo,
1968 1961 2072 2017 dee.

448 2231 584 2293 Cum,
624 2232 954 2281 Illustrissime
985 2229 1358 2294 Celsissimeque
1397 2231 1653 2295 PrincepS‚
1696 2231 1902 2279 Domine
1943 2228 2352 2289 Clementissime,
2391 2235 2530 2293 pater

277 2319 410 2353 meus
457 2304 708 2353 Johannes
749 2305 1024 2367 Kepplerus
1063 2303 1438 2353 Mathematicus
1468 2305 1737 2355 Caesareus
1774 2304 1876 2366 jam
1915 2305 2033 2351 satis
2071 2309 2198 2352 esset
2237 2303 2528 2365 defatigatus

279 2392 308 2425 a
333 2383 468 2425 motu
495 2377 635 2426 molis
664 2380 914 2437 terrestris,
956 2378 1196 2425 somniare
1237 2380 1396 2440 coepit
1424 2378 1482 2426 de
1509 2379 1804 2426 astronomia
1836 2382 1883 2425 et
1909 2382 2041 2424 motu
2082 2378 2292 2439 corporis
2330 2375 2529 2437 lunaris,

276 2450 363 2500 sed
400 2453 560 2499 nescio
602 2450 717 2513 quid
758 2452 930 2499 ominis
966 2463 1128 2497 secum
1171 2450 1386 2498 attulerit
1432 2451 1524 2498 hoc
1564 2450 1827 2498 somnium!
1877 2450 2030 2497 Nobis
2077 2464 2193 2497 sane
2232 2450 2331 2497 suis
2365 2449 2528 2497 liberis

277 2522 714 2583 luctuosissimum3
766 2523 881 2572 licet
929 2524 1021 2584 ipsi
1060 2522 1200 2569 fuerit
1241 2526 1359 2571 satis
1410 2523 1732 2583 delectabilis,
1788 2524 1886 2570 imo
1939 2523 2331 2583 exoptatissimus
2384 2521 2529 2583 hujUs

280 2597 453 2644 ominis
502 2602 720 2644 eventus·
798 2597 1131 2656 Conscriptum
1180 2610 1225 2641 n.
1279 2597 1370 2644 hoc
1421 2596 1670 2644 Somnium
1720 2610 1828 2643 cum
1876 2595 1966 2642 sub
2014 2594 2181 2657 praelo
2240 2601 2526 2655 versaretur,

277 2682 446 2717 somno
488 2668 633 2731 (proh
673 2668 857 2729 dolori)
898 2673 1068 2729 captus
1107 2675 1244 2729 pater
1270 2671 1505 2730 graviori,
1548 2671 1642 2716 imo
1682 2667 1877 2727 lethali,
1918 2668 2086 2729 spiritu
2127 2682 2272 2730 supra
2310 2666 2527 2716 lunarem

278 2743 524 2803 regionem
580 2741 641 2789 ad
694 2741 892 2790 aethera
942 2739 1028 2806 (uti
1076 2739 1344 2802 speramus)
1384 2742 1622 2801 evolavit,
1674 2755 1762 2788 nos
1813 2740 1990 2787 liberos
2029 2739 2202 2787 Martis
2254 2740 2446 2802 injuriis
2486 2745 2533 2788 et

277 2813 444 2861 mundi
482 2814 628 2875 hujus
667 2815 874 2862 miseriis
914 2815 1161 2874 expositos
1202 2815 1427 2875 omnique
1467 2815 1562 2862 fere
1611 2812 1861 2875 temporali
1900 2826 1991 2875 ope
2020 2811 2276 2861 destitutos
2305 2813 2531 2862 deseruit.

277 2886 440 2948 Hujus
480 2888 807 2950 impressionis
849 2901 1008 2933 curam
1050 2900 1156 2932 cum
1199 2888 1269 2932 vir
1309 2887 1489 2935 clariss.
1545 2893 1690 2947 atque
1731 2885 1925 2934 doctiss.
1968 2886 2062 2932 Dn.
2102 2885 2211 2933 Jac.
2253 2885 2535 2933 Bartschius

279 2959 403 3008 med.
444 2958 568 3008 doct.
612 2966 659 3007 et
697 2959 971 3007 matheseos
1010 2960 1057 3004 in
1097 2959 1351 3008 academia
1397 2959 1738 3022 Argentinensi
1783 2958 2026 3020 professor
2077 2956 2383 3020 designatus,
2425 2957 2534 3006 affi-

276 3035 350 3080 nis
389 3047 549 3092 meuS,
603 3033 921 3095 suscepisset,
974 3046 1024 3079 re
1063 3031 1274 3079 nondum
1326 3033 1545 3081 confecta
1582 3034 1685 3094 ipse
1727 3045 1919 3093 quoque
1958 3031 2127 3079 morbo
2168 3037 2414 3093 correptus
2454 3031 2528 3080 le-

278 3105 399 3154 thali
439 3106 573 3154 obiit.

450 3178 554 3240 Ego
582 3177 771 3225 interim
800 3191 828 3223 a
857 3176 1260 3237 peregrinatione,
1304 3192 1448 3238 quam
1490 3191 1597 3224 cum
1625 3176 1806 3224 barone
1833 3175 2045 3237 quodam
2072 3176 2330 3223 Austriaco
2368 3189 2537 3225 susce-

276 3264 456 3313 peram,
496 3252 544 3297 in
587 3249 895 3298 Germaniam
934 3263 1185 3313 reversus,
1235 3250 1345 3297 inde
1385 3265 1413 3297 a
1453 3250 1645 3296 biennio
1686 3248 1868 3296 nullam
1918 3248 2104 3297 habens
2154 3250 2376 3296 notitiam
2416 3263 2535 3297 con-

279 3322 474 3371 ditionis
512 3337 743 3381 meorum,
784 3321 1100 3369 Francofurto
1153 3323 1200 3367 in
1244 3322 1492 3370 Lusatiam
1533 3321 1593 3368 ad
1634 3323 1764 3382 ipsos
1790 3323 1986 3383 scripsi,
2028 3327 2082 3369 ut
2109 3321 2352 3383 quomodo
2392 3326 2440 3368 et
2473 3335 2532 3370 an

278 3396 451 3442 vivant
501 3411 576 3443 me
633 3398 885 3444 certiorem
932 3394 1158 3442 facerent.
1233 3395 1292 3441 Et
1332 3409 1443 3444 ecce
1495 3407 1705 3442 noverca
1742 3393 1892 3441 vidua
1932 3408 2037 3441 cum
2089 3399 2296 3455 quatuor
2340 3393 2539 3457 pupillis

279 3481 388 3516 aere
429 3467 659 3516 destituta
698 3467 760 3515 ad
799 3482 874 3515 me
917 3469 1073 3526 venit,
1133 3471 1180 3515 et
1221 3467 1415 3529 quidem
1466 3469 1514 3514 in
1555 3472 1681 3514 statu
1722 3466 2134 3515 turbulentissimo
2186 3468 2331 3529 inque
2378 3467 2538 3515 locum

278 3544 474 3602 propter
526 3555 747 3589 annonae
802 3541 1052 3588 caritatem
1105 3541 1691 3597 inconvenientissimum,
1750 3543 1861 3600 post
1913 3553 1963 3586 se
2013 3540 2192 3588 ducens
2244 3539 2540 3602 exemplaria
2628 3523 2645 3603 .-

279 3611 425 3673 hujus
463 3610 647 3660 Somnii
688 3612 978 3675 incompleta
1027 3627 1264 3675 opemque
1309 3627 1465 3661 meam
1503 3611 1792 3675 imploranS,
1849 3614 1930 3672 qui
1969 3611 2072 3674 ipse
2113 3611 2316 3660 aliorum
2355 3610 2536 3660 auxilio

281 3690 330 3732 et
366 3687 666 3746 promotione
724 3700 845 3747 opus
883 3685 1056 3736 habeo,
1137 3685 1521 3748 Completionem
1560 3687 1674 3733 item
1714 3683 2057 3745 exemplarium
2097 3684 2243 3746 hujus
2283 3683 2467 3732 Somnii
2505 3699 2536 3732 a

281 3770 357 3804 me
394 3755 634 3818 postulat3
674 3758 759 3805 sed
800 3756 915 3818 quid
955 3771 1045 3818 ego
1085 3759 1200 3806 boni
1238 3773 1430 3821 sperare
1470 3757 1660 3806 dehoc
1697 3755 1894 3804 Somnio
1935 3764 2131 3818 potero,
2184 3770 2290 3804 cum
2327 3757 2454 3818 patri
2491 3761 2541 3804 et

281 3827 413 3876 affini
450 3827 591 3877 fuerit
627 3829 846 3877 lethale?
886 3829 1082 3878 Interim
1121 3837 1296 3890 tamen,
1339 3846 1445 3879 cum
1485 3844 1659 3878 nomen
1698 3830 1910 3890 parentis
1937 3829 2060 3878 adeo
2090 3828 2270 3878 clarum
2306 3834 2354 3876 et
2378 3828 2537 3876 hono-

281 3899 463 3948 rificum
502 3914 600 3948 non
639 3901 905 3960 occultare,
959 3902 1044 3950 sed
1082 3905 1273 3964 potine,
1329 3906 1369 3951 si
1407 3904 1599 3966 ingenio
1648 3914 1736 3949 suo
1783 3901 1961 3949 famam
2001 3915 2177 3964 augere
2221 3914 2318 3947 non
2363 3901 2532 3963 possit,

281 3978 442 4022 tamen
493 3987 779 4022 conservare
832 3987 917 4036 pro
969 3975 1153 4024 viribus
1203 3975 1360 4024 filium
1409 3975 1602 4036 deceat,
1668 3987 1759 4037 ego
1801 3976 2009 4037 quoque
2063 3974 2349 4039 petitionem
2404 3972 2532 4022 hano

2641 415 2652 863 Adue-*Qun*
2646 371 2652 406 .-
