2652 4088
336 165 412 224 90,
612 229 618 233 .
1191 171 1461 218 Plutarchus
1493 167 1559 244 de
1578 168 1715 217 Facie

337 320 419 370 ille
458 296 691 382 antiqufiis
723 328 933 380 causam,
974 333 1057 370 cur
1094 319 1236 368 Luna
1271 322 1466 383 saepius
1505 317 1564 368 de
1601 334 1706 370 cere
1745 319 1969 369 videatur
2007 332 2152 381 quam
2192 317 2292 379 Sol,
2330 320 2453 367 iuter
2492 332 2576 368 ce-

338 399 466 442 teras
505 395 649 441 etiam
687 392 814 442 hanc
850 394 1032 442 reddit:
1085 395 1200 454 quia
1237 393 1320 442 Sol
1370 392 1564 455 quidem
1637 394 1794 441 eficiat
1832 394 1895 441 ob
1935 393 2351 454 interpositionem
2390 391 2575 452 Lunae,

339 466 480 514 Luna
518 479 633 512 vero
673 466 760 527 (ob
799 467 1214 529 interpositionem
1253 473 1300 514 et
1337 465 1515 514 Terrae
1553 471 1602 514 et
1639 461 2117 530 contra-terrae)⁴‘²).
2182 464 2247 512 At
2286 464 2577 512 Posidonius

340 539 572 586 definiens
612 538 683 586 sic
720 538 960 599 loquitur:
1000 539 1122 586 haec
1159 553 1274 586 vero
1315 538 1521 597 affecti0,
1562 537 1827 601 deliquium
1867 537 1995 587 Solis
2035 537 2178 597 dicta,
2219 551 2504 600 congressus
2531 543 2580 586 et

334 624 562 659 accessus
601 616 674 658 est
713 611 910 660 umbrae
952 611 1143 672 Lunae,
1184 612 1321 673 cujus
1362 610 1600 659 defectum
1639 640 1706 646 ——
1744 639 1814 647 ·——-
1856 639 1920 647 --
1962 609 2156 672 Quippe
2199 610 2316 658 solis
2356 609 2452 657 illis
2490 610 2579 658 de-

339 683 493 731 fectus
532 682 662 731 Solis
702 690 776 731 est
813 686 1118 746 conspicuUS,
1160 698 1362 746 quorum
1402 685 1559 732 visum
1597 685 1769 732 umbra
1795 684 1963 732 Lunae
2003 697 2245 745 occupans
2272 682 2374 731 Soli
2402 678 2580 744 objici-'2

331 761 425 804 tur.
505 755 623 803 Cum
665 762 849 806 autem..
867 756 1114 815 concedat,
1154 758 1373 804 umbram
1410 771 1440 803 a
1479 755 1618 804 Luna
1655 757 1718 804 ad
1755 771 1844 805 nos
1881 757 2068 819 projici,
2108 757 2272 804 nescio
2311 755 2427 817 quid
2464 756 2578 803 reli-

334 829 417 890 qui
454 828 549 876 sibi
586 828 752 883 fecerit
789 828 851 876 ad
892 829 1160 878 dicendum.
1236 829 1416 878 Sideris
1455 827 1678 889 equidem
1725 843 1832 877 esse
1880 829 2094 891 aliquam
2135 829 2352 876 umbram
2391 830 2577 890 impos-

338 900 479 949 sibile
519 907 615 948 est:
658 902 786 962 quod
827 903 953 950 enim
991 902 1343 950 illuminatione
1384 907 1526 960 caret,
1565 902 1737 950 umbra
1777 901 1869 949 dici
1896 902 2036 949 solet.
2099 901 2286 949 Lumen
2324 915 2439 949 vero
2467 916 2577 948 um-

329 974 466 1022 bram
503 987 599 1022 non
639 974 770 1035 facit,
810 974 895 1023 sed
933 976 1151 1024 umbram
1188 976 1445 1038 profligare
1486 981 1653 1036 aptum
1699 981 1867 1022 natum
1909 971 2073 1040 est43).
2153 973 2282 1035 Quid
2322 988 2435 1021 vero
2478 976 2577 1038 (in-

330 1045 451 1112 quit)
489 1053 601 1109 post
637 1047 731 1096 hoc
768 1048 1052 1096 indiciorum
1094 1054 1167 1096 est
1205 1043 1513 1114 dictum⁴⁴)?
1564 1047 1624 1094 Et
1651 1048 1783 1109 Ego,
1839 1047 2043 1096 eundem
2082 1048 2279 1109 inquam
2331 1046 2576 1109 complec-

330 1122 447 1168 titur
487 1120 626 1168 Luna
665 1119 920 1169 defectum.
982 1121 1132 1170 Recte
1170 1119 1364 1187 (inquit)
1405 1120 1829 1171 commonefecisti.
1905 1121 2008 1182 Ego
2056 1122 2226 1182 igitur,
2278 1120 2478 1182 perinde
2517 1133 2575 1168 ac

333 1195 374 1242 si
413 1208 697 1259 persuasum
739 1196 800 1242 sit
838 1195 979 1243 vobis
1020 1209 1206 1257 vosque
1245 1195 1606 1258 supponeretiS,
1658 1193 1848 1241 Lunam
1886 1192 2088 1242 deficere
2127 1199 2406 1255 propterea,
2462 1194 2578 1255 quia

328 1267 391 1315 ab
431 1267 800 1315 obumbratione
841 1274 1128 1330 occupatur,
1162 1268 1266 1330 jam
1305 1267 1502 1316 tandem
1533 1282 1609 1315 me
1637 1273 1866 1314 converto
1909 1266 1971 1315 ad
2013 1266 2450 1325 ratiocinationem,
2491 1273 2576 1314 aut

329 1341 370 1388 si
406 1338 567 1402 placet
605 1339 666 1386 ad
705 1339 1067 1389 meditationem
1117 1341 1389 1402 faciamque
1439 1340 1898 1388 demonstrationem
1939 1339 2113 1399 vobis,
2155 1344 2205 1387 et
2242 1340 2571 1388 annumerabo

327 1413 682 1476 propositiones
712 1427 808 1468 ,seu
847 1414 1191 1476 epichiremata
1229 1414 1475 1475 sigillatim
1489 1410 1574 1476 ⁴5).

502 1485 595 1534 Per
632 1484 828 1546 Jovem,
869 1489 1023 1549 inquit
1062 1486 1296 1547 Theon,
1337 1492 1438 1534 tute
1479 1487 1526 1532 in
1566 1487 1625 1532 iis
1664 1484 1922 1544 meditare,
1962 1484 2082 1532 mihi
2118 1498 2236 1533 vero
2273 1483 2438 1533 Suada
2467 1484 2575 1533 Dea

330 1572 451 1622 opus
491 1554 671 1619 estffi),
714 1558 826 1607 huic
863 1560 954 1607 soli
994 1559 1208 1619 attende,
1251 1559 1379 1622 quod
1419 1561 1458 1606 si
1498 1560 1546 1605 in
1586 1558 1788 1607 eandem
1823 1566 2004 1607 rectam
2043 1555 2299 1607 inciderint
2338 1559 2428 1605 tria
2466 1572 2576 1605 cor-

326 1647 460 1696 pora,
501 1631 663 1688 Terra,
707 1631 791 1679 Sol
831 1638 879 1680 et
917 1633 1070 1692 Luna,
1115 1633 1332 1681 defectus
1373 1633 1682 1693 contingant3
1723 1631 1872 1679 Terra
1911 1632 2038 1680 enim
2082 1631 2264 1690 Lunae,
2304 1638 2389 1678 aut
2428 1632 2578 1678 vicis-

329 1708 417 1754 sim
457 1703 596 1753 Luna
635 1704 814 1754 Terrae
853 1705 1014 1754 Solem
1054 1707 1210 1768 eripit.
1263 1705 1439 1754 Deficit
1477 1707 1603 1753 enim
1641 1706 1736 1752 ista
1762 1705 1971 1766 quidem,
2011 1706 2053 1752 si
2082 1704 2234 1762 Luna,
2278 1704 2421 1751 Luna
2448 1717 2576 1764 vere,

327 1781 369 1827 si
406 1778 556 1826 Terra
607 1780 750 1826 trium
805 1779 965 1827 media
1011 1780 1302 1839 constiterit,
1356 1792 1561 1841 quorum
1606 1777 1727 1826 illud
1778 1779 1828 1825 in
1868 1780 2026 1839 coitu,
2080 1777 2174 1825 hoc
2220 1778 2269 1823 in
2308 1778 2578 1826 bisectione

328 1853 508 1901 mensis
548 1852 739 1902 accidit.

503 1923 579 1971 Ad
619 1924 740 1971 haec
779 1924 1032 1972 Lucius:
1087 1923 1237 1983 haec,
1278 1925 1459 1985 inquit,
1499 1923 1598 1972 fere
1639 1927 1850 1972 omnium
1892 1938 2017 1986 quae
2055 1922 2278 1971 dicuntur
2317 1923 2581 1985 praecipua

327 1993 532 2061 sunt⁴⁷).
613 1997 738 2044 Ante
787 1999 947 2045 omnia
1000 2003 1210 2059 capetu
1249 1999 1470 2059 primum,
1526 1997 1566 2044 si
1608 2000 1702 2056 vis,
1757 1997 1815 2045 de
1854 1998 2007 2059 figura
2047 1997 2246 2044 umbrae
2286 1994 2577 2058 doctrinam

329 2078 402 2120 est
441 2072 569 2119 enim
610 2069 695 2116 illa
735 2071 840 2117 coni
861 2067 949 2137 ⁴8),
991 2084 1058 2120 sc.
1097 2084 1204 2117 cum
1244 2085 1451 2130 magnus
1492 2070 1569 2117 vel
1607 2072 1734 2132 ignis
1775 2069 1855 2118 vel
1892 2069 2105 2118 lucidum
2146 2083 2334 2131 corpus,
2374 2068 2579 2130 figuram

329 2144 514 2192 habens
554 2143 833 2206 globosam,
887 2142 1266 2191 circumirradiat
1302 2142 1478 2191 molem
1516 2144 1778 2203 minorem,
1829 2143 2082 2202 globosam
2122 2148 2281 2191 tamen
2322 2147 2369 2190 et
2408 2144 2581 2203 ipsam.

331 2216 459 2266 Hinc
498 2216 566 2275 fit,
607 2222 660 2263 ut
699 2218 744 2262 in
788 2215 955 2279 eclipsi
997 2215 1164 2264 Lunae
1204 2217 1671 2278 circumscriptiones
1712 2216 2068 2279 denigratarum
2095 2217 2302 2277 partium
2331 2221 2379 2263 et
2405 2214 2580 2263 dister-

328 2291 615 2339 minationes
655 2305 684 2337 a
724 2289 899 2338 lucidis
939 2291 1181 2337 sectiones
1222 2290 1484 2337 exhibeant
1522 2290 1795 2337 circulares.
1858 2289 2047 2337 Teretis
2089 2289 2213 2336 enim
2252 2288 2450 2336 umbrae
2488 2303 2580 2351 ap-

326 2364 613 2427 plicationes
652 2361 715 2410 ad
757 2363 1072 2423 (luminosum
1102 2376 1276 2425 corpus
1306 2362 1496 2423 Lunae)
1536 2370 1583 2411 et
1610 2363 1915 2411 confusiones
1943 2376 2027 2409 seu
2055 2363 2422 2409 commixtiones
2449 2362 2577 2419 (sive

329 2439 444 2500 quia
483 2438 618 2498 ipsae
657 2436 902 2498 perferunt
941 2437 1182 2483 sectiones
1222 2453 1249 2483 a
1280 2439 1414 2495 globo
1446 2438 1616 2492 Lunae,
1658 2437 1761 2484 sive
1790 2437 1904 2497 quia
1931 2435 2138 2482 inierunt
2177 2449 2253 2480 eas
2273 2435 2445 2492 figurae
2466 2435 2579 2481 lucis

329 2512 589 2569 sphaericae
620 2511 664 2554 in
706 2510 827 2555 disco
859 2511 1036 2566 Lunae)
1070 2523 1359 2569 quacunque
1406 2507 1662 2569 incedunt,
1717 2523 1906 2570 semper
1953 2509 2029 2555 sui
2075 2521 2181 2554 cum
2233 2507 2329 2553 sint
2379 2505 2575 2564 similes,

327 2581 446 2641 fiunt
485 2580 667 2641 figurae
697 2579 954 2628 circularis.
1010 2581 1230 2629 Alterum
1267 2587 1386 2643 puto
1426 2588 1474 2628 te
1513 2583 1648 2639 scire,
1690 2580 1820 2643 quod
1860 2581 2027 2628 Lunae
2054 2579 2247 2642 quidem
2274 2585 2435 2640 partes
2459 2578 2573 2628 illae

326 2655 530 2717 primum
571 2652 822 2712 deficiant,
862 2668 987 2714 quae
1028 2660 1251 2715 spectant
1288 2660 1486 2700 ventum
1527 2655 1871 2712 subsolanum,
1911 2653 2041 2701 Solis
2097 2666 2210 2701 vero
2249 2652 2392 2709 illae,
2447 2666 2573 2712 quae

328 2740 529 2775 occasus
567 2726 779 2788 plagam.
854 2724 968 2773 Jam
1009 2741 1124 2773 vero
1165 2732 1386 2774 movetur
1423 2726 1593 2774 umbra
1632 2726 1825 2788 quidem
1866 2726 2044 2773 Terrae
2091 2726 2154 2773 ab
2194 2731 2299 2773 ortu
2339 2725 2387 2770 in
2428 2738 2575 2772 occa—

327 2814 447 2859 sum,
490 2798 574 2846 Sol
613 2813 729 2846 vero
769 2803 816 2846 et
844 2798 981 2845 Luna
1022 2804 1188 2846 contra
1212 2813 1395 2847 ⁴versus
1435 2805 1606 2846 ortum.
1659 2799 1784 2846 Nam
1825 2798 1944 2846 haec
1983 2813 2091 2846 cum
2131 2799 2294 2845 sensui
2335 2790 2574 2859 detegun'-
2650 2843 2652 2855 ,

328 2879 405 2920 tur
444 2887 503 2921 ex
543 2872 854 2933 apparentiis,
891 2877 994 2918 tum
1033 2872 1302 2919 rationibus
1338 2885 1434 2919 non
1475 2871 1619 2920 valde
1657 2871 1856 2933 prolixis
1895 2871 2076 2919 discere
2116 2871 2228 2918 licet
2243 2865 2327 2937 ⁴⁹).
2389 2871 2460 2918 Ex
2498 2870 2573 2918 his

326 2959 442 2994 vero
481 2944 791 2993 confirmatur
829 2957 976 2991 causa
1015 2943 1351 3006 deliquiorum.
1429 2943 1550 2992 Cum
1590 2945 1717 2991 enim
1768 2943 2014 3002 deficiant,
2064 2943 2147 2991 Sol
2188 2943 2411 3004 quidem,
2458 2944 2575 3004 quia

328 3017 509 3084 (Luna)
549 3032 658 3065 eum
698 3018 985 3078 assequitur,
1027 3017 1167 3064 Luna
1205 3032 1336 3076 vero,
1377 3017 1491 3078 quia
1521 3018 1628 3079 ipsa
1655 3018 1860 3066 occurrit
1885 3018 2098 3075 umbrae,
2139 3015 2402 3077 deliquium
2429 3029 2575 3064 caus-
2636 3046 2640 3067 ;

326 3093 474 3140 santi:
526 3095 926 3148 consentaneum,
978 3092 1094 3152 quin
1142 3093 1238 3136 imo
1276 3090 1603 3138 necessarium
1642 3095 1736 3150 est,
1790 3096 1845 3137 ut
1883 3088 2012 3137 Solis
2062 3089 2255 3150 quidem
2300 3096 2574 3152 postremae

326 3173 373 3212 et
418 3165 632 3211 occiduae
673 3162 867 3224 quidem
906 3170 1066 3224 partes
1104 3164 1310 3224 primum
1350 3168 1666 3223 occupentur,
1718 3164 1765 3208 in
1805 3162 1944 3211 Luna
1997 3176 2109 3210 vero
2158 3168 2319 3224 partes
2371 3177 2459 3225 pra

327 3236 495 3285 dentes
534 3238 793 3285 orientales,
871 3234 946 3283 Ab
988 3250 1046 3283 ea
1085 3238 1208 3284 enim
1248 3236 1396 3297 plaga
1434 3237 1602 3296 incipit
1639 3236 1950 3299 interceptio,
2002 3234 2128 3283 unde
2167 3237 2371 3296 primum
2410 3171 2595 3297 ina·

327 3309 454 3357 ditur
492 3307 569 3367 id,
625 3309 754 3370 quod
804 3309 1070 3371 intercipit:
1124 3315 1176 3356 at
1213 3307 1480 3369 ingreditur
1517 3307 1658 3354 Luna
1705 3309 1795 3355 sub
1834 3306 1997 3356 Solem
2038 3307 2233 3369 quidem
2272 3309 2334 3356 ab
2373 3302 2550 3356 occid'u'

326 3383 488 3444 plaga,
531 3380 681 3428 veluti
704 3397 839 3428 cursu
870 3389 1057 3430 certans
1097 3396 1204 3429 cum
1245 3383 1377 3444 ips03
1416 3383 1522 3442 ipsa
1559 3393 1674 3428 vero
1713 3380 1853 3428 Luna
1891 3382 2088 3428 umbrae
2129 3380 2194 3428 ad
2232 3388 2389 3429 ortum
2425 3379 2575 3429 stanti

330 3455 466 3502 velut
504 3456 551 3499 in
593 3456 882 3502 contrarium
922 3456 1082 3502 nitens
1122 3469 1230 3502 sese
1268 3456 1493 3501 insinuat.

505 3526 719 3574 Tertium
760 3534 833 3575 est
872 3527 930 3574 de
969 3533 1184 3589 tempore
1224 3533 1271 3575 et
1308 3525 1639 3588 magnitudine
1666 3523 1986 3585 deliquiorum
2026 3525 2207 3573 Lunae.
2270 3525 2395 3573 Nam
2419 3523 2576 3573 side-

328 3597 459 3644 ficiat
509 3612 615 3645 cnm
656 3606 729 3647 est
767 3599 867 3647 alta
906 3605 953 3648 et
991 3615 1021 3647 a
1059 3600 1209 3648 Terra
1247 3599 1602 3658 elevatissima,
1655 3598 1791 3644 brevi
1840 3601 2066 3659 temporis
2121 3599 2279 3660 spatio
2319 3599 2365 3644 in
2405 3597 2576 3645 umbra

333 3668 633 3730 destituitur;
673 3671 848 3720 Terrae
875 3687 990 3720 vero
1029 3674 1302 3735 propinqua
1345 3678 1392 3720 et
1429 3670 1624 3718 humilis
1661 3671 1701 3716 si
1741 3671 2015 3730 incesserit,
2055 3670 2225 3720 eodem
2264 3684 2369 3718 cum
2409 3668 2576 3718 labore

330 3741 543 3800 luctanS,
583 3743 726 3791 valde
767 3747 998 3806 premitur
1038 3752 1086 3794 et
1125 3745 1260 3794 tarde
1300 3747 1399 3792 exit
1436 3759 1494 3792 ex
1533 3738 1798 3805 umbram).
1849 3742 1972 3791 Nam
2000 3746 2090 3792 etsi
2130 3758 2237 3791 cum
2276 3749 2349 3790 est
2380 3742 2576 3790 humilis

332 3815 554 3862 maximis
598 3817 746 3863 utitur
784 3817 988 3866 horariis
1011 3818 1238 3879 motibus,
1279 3833 1384 3865 cum
1414 3816 1528 3876 alta,
1568 3816 1879 3874 brevissimiS‚
1921 3831 2069 3865 causa
2094 3822 2255 3864 tamen
2284 3816 2577 3863 diversitatis

330 3887 379 3934 in
420 3888 527 3950 ipsa
571 3893 645 3936 est
673 3891 882 3953 umbra3
919 3890 1210 3942 haecenim
1245 3889 1484 3949 latissima
1521 3894 1596 3938 est
1631 3889 1757 3937 circa
1796 3889 1952 3951 basin,
1993 3894 2047 3939 ut
2079 3894 2196 3948 sunt
2231 3893 2418 3949 metae,
2456 3901 2575 3938 con·
2650 3933 2652 3937 .
