2652 4088
917 161 978 208 H.
1009 160 1238 206 Histoi-ica
1269 164 1315 206 et
1342 158 1638 218 Philologica.
2299 161 2405 219 221

157 312 336 361 sactum
375 316 462 373 est,
500 315 555 359 ut
591 311 643 358 in
667 308 848 373 Anglia
886 315 935 358 et
964 308 1139 358 Galliis
1178 309 1323 360 hodie
1349 310 1558 359 maxime
1596 310 1820 359 sinistrae
1858 309 2018 359 famae
2055 315 2319 374 tempestas
2357 313 2405 358 in

157 386 253 433 hoc
287 386 500 433 invisum
524 384 803 432 nationibus
839 381 934 431 illis
962 397 1136 431 nomen
1164 384 1427 444 incumbat,
1470 383 1815 432 occurrendum
1842 389 1914 432 est
1940 383 2127 433 homini
2155 384 2404 444 Britann0,

154 472 349 506 suorum
386 457 693 520 popularium
730 457 820 505 sub
858 456 952 504 hoc
989 458 1184 504 nomine
1223 471 1419 505 sensum
1458 457 1669 518 callenti,
1711 458 1835 506 inter
1872 456 1983 505 illos
2023 458 2280 518 scribenti,
2322 459 2406 520 qui

158 531 370 579 crebrius
408 531 468 579 de
505 529 791 594 pulverariis
827 529 1199 592 proditionibus,
1242 544 1388 592 quam
1416 529 1474 579 de
1511 530 1749 579 chronicis
1790 531 2234 593 computationibus
2272 530 2406 594 loqui

155 611 528 653 consueverunt.
605 603 773 663 Ehem,
815 616 843 650 o
882 603 1130 662 Britanne‚
1452 607 1455 609 ’

539 676 657 724 Non
695 691 781 738 eqo
818 691 933 724 cum
971 675 1177 724 Danais
1221 675 1503 736 Trojanam
1543 675 1828 724 exscindere
1863 682 2056 738 qen-tem

537 749 722 796 Aulide
751 751 937 809 juravi
945 766 965 810 ,·
1001 764 1107 798 non
1144 748 1264 797 haec
1300 751 1356 796 in
1392 749 1600 810 foedera
1638 751 1768 796 veni.

156 821 254 870 Cur
289 822 438 883 igitur
476 823 776 883 cognominis
815 821 960 884 hujus
1000 823 1264 871 acerbitate
1304 836 1465 869 meum
1504 836 1612 870 cum
1653 836 1748 869 uno
1788 821 1952 883 aliquo
1993 836 2050 870 ex
2089 821 2181 870 hac
2219 822 2405 871 familia

155 908 439 943 consensum
478 894 738 954 ulcisceriS,
780 909 864 943 cur
900 894 1194 943 Jesuiticum
1233 894 1469 958 appellas,
1511 893 1642 956 quod
1680 894 2038 942 Deckerianum
2077 900 2125 942 et
2159 896 2199 942 si
2228 897 2297 944 ita
2335 897 2406 942 vis

152 965 537 1029 Keplerianum‘?
599 966 650 1014 Si
698 968 858 1016 labem
897 968 1029 1016 illam
1070 968 1219 1016 nostri
1268 966 1442 1027 seculi,
1496 969 1538 1014 si
1589 981 1756 1029 regum
1808 967 2021 1028 pericula
2072 981 2167 1015 non
2217 968 2404 1016 meliori

149 1040 259 1102 jure
296 1038 566 1088 Jesuiticae
605 1039 850 1088 doctrinae
889 1041 1115 1103 imputaS‚
1157 1055 1305 1102 quam
1344 1040 1468 1088 hanc
1508 1040 1785 1102 opinionem
1813 1055 1969 1088 meam
1999 1039 2405 1103 chronologicam,
2438 1071 2443 1076 -

155 1113 355 1161 damnas
394 1113 540 1175 igitur
576 1113 684 1175 ipso
722 1113 851 1161 facto
892 1128 1118 1175 magnam
1154 1120 1340 1175 partem
1380 1112 1600 1161 odiorum
1649 1117 1764 1162 tuae
1802 1115 1975 1175 gentis,
2052 1111 2150 1161 Sed
2187 1113 2307 1163 nihil
2346 1114 2407 1163 ad

153 1201 231 1234 me
266 1185 324 1232 lis
362 1186 485 1246 ista3
525 1185 587 1232 ad
624 1192 845 1248 tempora
883 1188 1055 1234 venio:
1095 1188 1269 1248 incipe,
1310 1185 1567 1235 Damoeta.

322 1257 443 1320 Pag.
485 1262 534 1308 2.
613 1261 856 1325 „Annum
896 1261 1041 1321 reynz'
1078 1259 1315 1318 Herodis,
1358 1274 1457 1321 quo
1493 1263 1649 1306 natus
1691 1256 1918 1306 Christus
1926 1294 1941 1318 ,
1984 1263 2228 1320 quotquot
2263 1261 2406 1307 intra

154 1332 257 1379 500
294 1345 458 1379 annos
496 1346 530 1379 a
559 1329 754 1380 Christo
791 1331 1068 1394 definivisse
1105 1335 1505 1393 comperiuntur,
1546 1330 1702 1380 solido
1741 1331 2083 1393 quadriennio
2123 1337 2241 1380 ante
2266 1347 2406 1381 mor-

153 1411 250 1452 tem
287 1404 502 1454 Herodis
539 1404 814 1467 definivisse
851 1404 1140 1455 videntur.“
1187 1405 1315 1453 Mira
1352 1405 1550 1453 locutio.
1609 1403 1660 1452 Si
1697 1404 1862 1465 legisti
1902 1409 2124 1452 auctores
2165 1411 2406 1467 quotquot

154 1476 487 1537 definiverunt,
527 1485 822 1541 compertam
860 1492 961 1526 rem
998 1477 1165 1534 habes,
1207 1493 1302 1525 non
1344 1491 1466 1540 opus
1507 1483 1581 1526 est
1619 1477 1846 1538 confugio
1885 1476 1949 1525 ad
1974 1483 2110 1525 tuum
2137 1496 2191 1528 το
2229 1479 2404 1539 videri,

156 1551 230 1598 sin
266 1563 364 1598 non
401 1551 579 1613 legisti,
618 1551 733 1614 quid
774 1565 957 1614 quaeso
999 1550 1057 1600 de
1096 1552 1171 1612 iis,
1214 1566 1336 1613 quos
1376 1565 1472 1599 non
1511 1550 1690 1613 legisti,
1732 1549 1887 1598 videri
1925 1551 2014 1598 tibi
2041 1550 2239 1614 potest?
2279 1551 2405 1600 Tum

156 1629 319 1672 autem
356 1638 612 1672 numerose
651 1625 863 1687 loqueris
904 1623 961 1672 de
999 1639 1199 1672 numero
1240 1638 1335 1673 non
1374 1638 1578 1687 magno,
1632 1623 1775 1671 fallor
1813 1638 1875 1672 an
1926 1629 2022 1671 tres
2062 1624 2124 1672 ad
2163 1639 2405 1672 summum

155 1702 269 1745 sunt
307 1702 393 1745 aut
431 1697 679 1760 quatuor?
741 1697 866 1747 Nam
905 1699 988 1759 qui
1029 1705 1362 1747 antecessores
1401 1712 1532 1758 SUOS,
1574 1703 1627 1744 ut
1665 1695 1946 1757 Eusebium,
1987 1703 2268 1760 sequuntur,
2309 1712 2405 1747 non

153 1770 438 1833 interposito
477 1785 566 1820 suo
601 1771 803 1834 judicio,
840 1785 1093 1819 numerum
1131 1773 1164 1817 ii
1203 1786 1300 1820 non
1337 1771 1538 1819 faciunt.
1594 1771 1808 1833 Accepto
1836 1775 2014 1831 tamen,
2058 1786 2164 1819 esse
2191 1785 2249 1820 ex
2276 1773 2405 1820 anti-

155 1845 275 1906 quis
300 1845 375 1902 iis,
417 1846 500 1906 qui
539 1844 675 1893 velut
714 1860 773 1893 ex
811 1843 1085 1904 traditione,
1127 1858 1222 1891 non
1264 1860 1323 1893 ex
1359 1844 1730 1893 ratiocinatione
1767 1843 1990 1905 referant,
2032 1843 2276 1892 Christum
2313 1860 2406 1893 na-

153 1924 256 1964 tum
294 1916 505 1966 Herodis
545 1932 671 1966 anno
714 1919 797 1966 33.
838 1920 986 1980 regni,
1028 1923 1082 1965 ut
1120 1917 1439 1980 EpiphaniuS,
1481 1916 1744 1966 videndum
1784 1918 1886 1978 erit,
1926 1916 2055 1965 unde
2094 1923 2146 1966 tu
2183 1917 2273 1966 hos
2313 1933 2405 1966 an-

153 2003 242 2038 nos
279 1991 511 2053 incipiaS,
563 2005 624 2040 ne
663 2006 770 2040 cum
808 1996 862 2038 tu
901 1990 960 2040 de
1000 1993 1164 2053 caepis
1212 1991 1433 2051 laboreS,
1482 1990 1531 2037 hi
1571 1995 1720 2039 testes
1760 2005 1790 2038 a
1827 1995 1876 2038 te
1926 1989 2125 2039 adducti
2176 1990 2235 2039 de
2283 1990 2403 2040 allio

153 2062 428 2125 loquantur.
500 2061 697 2113 Interim
737 2063 832 2113 hoc
869 2078 960 2126 ego
1001 2066 1213 2126 spatium
1251 2063 1362 2126 lego
1401 2065 1547 2126 inque
1586 2078 1748 2112 meum
1787 2077 1929 2111 usum
1970 2068 2218 2115 converto,
2278 2063 2404 2112 Nam

153 2134 373 2185 Herodes
413 2136 604 2186 christis
642 2138 855 2200 regibus,
899 2137 957 2186 de
998 2138 1174 2199 quibus
1201 2137 1507 2200 Epiphanius
1548 2135 1615 2203 (id
1649 2142 1722 2185 est
1747 2135 2128 2203 Macchabaeis),
2169 2139 2406 2186 successit

153 2223 280 2259 anno
321 2215 368 2259 9.
397 2209 624 2272 Julian03
665 2210 790 2260 adde
832 2216 896 2260 32
924 2210 1121 2272 solidos,
1163 2213 1363 2273 emergit
1402 2224 1595 2259 currens
1626 2215 1709 2258 41.
1737 2208 1998 2271 Julianus3
2039 2216 2092 2258 tu
2133 2225 2248 2260 vero
2287 2225 2404 2274 sep-

151 2284 317 2331 tennio
356 2289 469 2347 post
505 2283 625 2333 facis
653 2283 897 2333 Christum
923 2286 1075 2344 nasci,
1117 2297 1208 2346 ego
1247 2298 1344 2332 uno
1385 2298 1512 2332 anno
1552 2290 1711 2344 antea,
1752 2282 1964 2347 Suslyga
1990 2283 2084 2332 hoc
2120 2284 2228 2347 ipso
2258 2298 2402 2333 anno.

152 2355 324 2405 Testes
363 2359 510 2419 igitur
547 2373 578 2406 a
616 2363 662 2406 te
700 2357 924 2420 producti
961 2358 1161 2420 propius
1201 2372 1231 2406 a
1267 2358 1444 2406 nostris
1482 2362 1614 2405 stant
1651 2356 1889 2419 partibus,

324 2429 444 2492 Pag.
486 2436 531 2481 3.
605 2431 909 2494 Epiphanio,
963 2429 1194 2493 quicquid
1235 2433 1365 2493 agis,
1420 2445 1482 2478 ne
1519 2431 1721 2477 nimium
1773 2430 1958 2477 tribuas
1997 2427 2210 2491 suade0,
2264 2429 2402 2492 cujus

154 2500 560 2553 hallucinationes
596 2505 647 2550 in
686 2504 889 2554 historia
926 2509 1198 2566 temporum
1222 2504 1402 2552 Christi
1440 2518 1499 2552 ne
1528 2500 1722 2566 quidem
1747 2503 1871 2549 inter
1897 2502 2209 2565 allegandum
2236 2507 2401 2566 tegere

152 2580 291 2636 potes
327 2577 485 2626 nobis,
550 2576 727 2638 Vides,
769 2592 915 2640 quam
956 2577 1204 2626 evidenter
1243 2583 1447 2639 utroque
1486 2577 1595 2625 loco
1636 2582 1737 2625 ate
1778 2575 1992 2638 allegato
2032 2575 2280 2626 Herodem
2322 2576 2401 2625 det

152 2646 391 2698 Archelao
429 2649 581 2698 filium
618 2665 897 2714 perperam3
937 2657 1052 2699 tune
1093 2650 1421 2714 Epiphaniam
1448 2649 1670 2714 Josepho
1712 2663 1931 2713 oppones
1971 2651 2020 2696 in
2046 2649 2140 2699 hac
2178 2649 2397 2711 historia,

152 2724 462 2784 quantumvis
501 2723 826 2772 Christianum
865 2723 1098 2773 Judaeo?

322 2795 443 2860 Pag.
485 2801 530 2847 4.
592 2797 851 2846 Biennium
889 2812 1030 2845 suum
1059 2796 1360 2860 Epiphanius
1397 2797 1539 2844 nobis
1577 2795 1782 2858 probat3
1825 2796 1907 2858 qui
1945 2797 2159 2844 rationes
2201 2793 2396 2858 allegat,

153 2869 440 2918 auctoritate
468 2868 594 2919 cedit
623 2873 774 2922 testis.
826 2870 974 2920 Teste
1001 2870 1275 2933 Epiphanio
1316 2884 1411 2918 non
1450 2871 1628 2932 poteris
1668 2870 1752 2930 uti,
1794 2871 2006 2918 rationes
2046 2867 2395 2932 expendamus,

152 2955 273 3004 quas
322 2942 518 3005 allegat.
595 2941 662 2992 Ut
700 2943 883 2993 Lucam
933 2943 1157 2992 conciliet
1202 2943 1457 2993 Matthaeo
1510 2945 1636 2991 circa
1689 2944 2075 2991 circumstantias
2126 2943 2397 2990 nativitatis

153 3014 344 3076 Christi,
385 3017 630 3064 biennium
669 3018 841 3066 statuit
865 3032 895 3066 a
921 3016 1174 3066 Matthaeo
1200 3018 1528 3080 praeteritum,
1571 3015 1629 3063 de
1658 3016 1854 3064 biennio
1879 3021 2115 3079 provocat
2142 3015 2203 3064 ad
2231 3015 2398 3064 Evan-

149 3087 343 3150 gelium.
418 3088 684 3138 Commune
724 3095 1060 3154 argumentum
1100 3096 1195 3138 est:
1239 3089 1315 3138 vel
1359 3091 1485 3138 enim
1533 3093 1739 3137 testatur
1777 3089 2097 3151 Evangelium
2150 3089 2294 3137 etiam
2335 3087 2394 3136 de

151 3159 347 3210 biennio
388 3163 563 3211 aetatis
601 3164 764 3226 pueri,
816 3163 892 3211 vel
932 3170 1118 3211 tantum
1161 3162 1220 3211 de
1254 3162 1339 3210 illo
1378 3163 1588 3222 biennio,
1630 3175 1685 3209 ex
1727 3176 1823 3223 quo
1863 3161 2005 3210 stella
2045 3163 2296 3224 apparuit3
2350 3167 2398 3210 et

151 3230 371 3284 Herodes
411 3234 606 3297 quidem
646 3238 854 3284 incertus
891 3236 997 3295 suit,
1038 3235 1292 3283 anniculus
1318 3248 1379 3282 an
1409 3234 1620 3283 bimulus
1661 3241 1802 3295 esset,
1844 3236 1920 3283 cui
1959 3233 2294 3294 insidiabatur,
2335 3248 2397 3282 an

149 3309 551 3368 paucissimorum
600 3307 805 3369 dierum,
858 3321 1023 3357 omnes
1069 3308 1217 3370 igitur
1269 3306 1460 3356 occidit.
1538 3308 1700 3368 Atque
1739 3321 1827 3355 nos
1878 3307 2023 3355 etiam
2063 3321 2121 3355 ex
2159 3307 2274 3369 ipsa·
2308 3305 2396 3356 de-

149 3381 410 3442 scriptione
449 3381 734 3442 evangelica
771 3381 888 3428 sacti
915 3380 1123 3429 Herodis
1162 3381 1451 3442 ambigentis
1481 3379 1726 3441 ambigere
1767 3385 1814 3427 et
1853 3381 2000 3442 ipSOS,
2040 3394 2126 3442 per
2162 3378 2256 3428 hoc
2284 3381 2397 3442 qui-

151 3449 260 3500 dem
299 3460 663 3514 argumentum,
702 3466 901 3502 necesse
939 3458 1026 3501 est.
1103 3452 1312 3500 Rursum
1352 3465 1523 3513 magos
1562 3465 1657 3499 non
1697 3451 1908 3500 adfuisse
1947 3454 2071 3501 intra
2110 3452 2211 3501 dies
2248 3466 2396 3515 puer-

147 3526 284 3588 perii,
323 3539 421 3572 non
460 3526 632 3587 probat
671 3541 698 3573 a
726 3527 1097 3574 circumstantiis
1136 3524 1230 3574 loci
1270 3524 1407 3585 aliis3
1447 3524 1605 3572 Maria
1642 3526 1689 3571 in
1730 3524 1872 3573 domo
1895 3525 2013 3588 jam,
2052 3539 2149 3574 non
2176 3526 2224 3573 in
2251 3541 2394 3589 prae-

149 3599 270 3660 sepi.
348 3597 532 3645 Probat
570 3611 714 3657 sane,
753 3611 849 3646 non
890 3597 1058 3646 eadem
1097 3603 1237 3645 nocte
1276 3610 1446 3659 magos
1486 3597 1710 3656 affuisse,
1754 3611 1852 3659 qua
1890 3604 2032 3647 natus
2073 3598 2305 3660 ChristUS,
2345 3606 2394 3648 at

153 3669 212 3719 de
252 3671 446 3718 biennio
487 3671 751 3732 interlapso
790 3685 885 3718 non
926 3671 1115 3732 probat.
1195 3671 1256 3718 Et
1295 3685 1419 3731 quae
1460 3684 1608 3718 causa
1645 3669 1832 3719 Mariae
1871 3677 1982 3734 post
2019 3672 2264 3721 biennium
2306 3689 2394 3721 ex-

150 3743 392 3805 spatiandi
433 3757 539 3791 cum
579 3742 743 3806 puello
783 3758 841 3791 ex
865 3743 1104 3791 Nasareth
1144 3744 1190 3790 in
1217 3742 1482 3803 Bethleem,
1524 3757 1648 3805 quae
1688 3756 1783 3791 non
1823 3749 1925 3793 erat
1963 3746 2010 3791 in
2049 3746 2218 3794 itinere
2245 3745 2392 3794 Jero-

150 3815 428 3880 solymam?
491 3815 687 3877 Quanto
726 3815 1025 3878 probabilius
1065 3830 1123 3864 ex
1151 3815 1299 3877 Luca,
1340 3815 1626 3865 duodecimo
1667 3814 1857 3867 demum
1886 3819 2059 3868 aetatis
2099 3832 2241 3882 ann0,
2280 3825 2393 3883 post

149 3889 533 3951 purificationem
570 3888 775 3951 Mariae,
814 3888 988 3939 Jesum
1026 3888 1291 3939 adductum
1328 3888 1653 3955 Jerosolyma.
