2652 4088
1076 59 1153 107 IV.
1187 58 1485 120 Astrologica.
1527 93 1539 100 -
2293 61 2396 120 341

145 208 277 277 quod
315 226 413 262 non
452 212 583 262 victa
620 212 893 263 succubuit.
969 211 1112 263 Anno
1157 216 1502 275 1592,1593
1552 212 1644 261 suit
1680 211 1955 276 periculosa
1994 210 2193 263 directio
2231 213 2297 279 (ᾖ
2336 213 2399 264 ad

145 288 294 348 Ues,
333 286 420 335 sed
458 287 753 336 conveniens
790 285 1134 350 significationi
1173 288 1378 350 imperii.
1455 286 1609 335 Simul
1648 285 1825 335 accidit
1869 302 1927 342 00
1974 302 2152 351 magna
2185 282 2223 352 ἲ)
2254 294 2302 336 et
2335 284 2390 356 ‘ll

142 362 192 407 in
232 365 339 408 ortu
380 365 428 408 et
466 374 659 409 occasu.
733 359 861 408 Nam
899 373 1028 410 anno
1073 363 1209 410 1592
1238 360 1569 423 Sept„1593
1599 358 1714 408 ‚Jan
1757 359 1890 407 solus
1928 354 1964 423 b
2009 362 2056 407 in
2086 375 2264 410 occasu
2291 361 2397 410 fuit.

145 432 256 482 Hoc
293 446 496 494 magnas
534 434 867 483 contentiones
905 440 954 483 et
990 447 1140 496 grave
1189 433 1373 482 bellum
1411 440 1558 517 atque
1606 431 1808 480 insidias
1853 433 2163 494 significavit.
2234 430 2399 498 Aprili

160 512 198 562 (ς
241 507 469 566 accessit,
523 505 739 569 pericula
788 507 939 555 auxit.
1013 506 1149 569 Majo
1186 502 1223 570 ῒ)
1267 508 1382 556 item
1422 507 1469 553 in
1512 520 1714 566 occasu,
1772 501 1831 571 Ἡ.
1875 507 1922 552 in
1963 514 2070 554 ortu
2115 507 2221 556 fuit.
2301 506 2398 556 Hic

143 578 421 627 conflictata
457 585 569 626 sunt
606 579 820 629 fortunia
858 594 965 628 cum
990 580 1282 628 infortuniis.
1346 579 1618 642 Septembri
1644 574 1681 644 ἦ
1709 577 1874 627 Solem
1912 579 2099 641 pressit,
2138 579 2398 629 Decembri

149 647 208 718 ᾙ
252 651 519 700 ascendens
557 652 839 703 fortunavit.
903 652 1047 700 Anno
1088 652 1261 702 deinde
1306 654 1443 701 1594
1470 650 1708 700 Januario
1750 653 1892 700 tertia
1932 654 2175 714 oppositio
2202 653 2251 699 in
2288 653 2398 702 loco

143 723 273 772 Solis
311 724 425 782 fuit,
475 724 767 774 ascendente
805 725 946 788 Sole3
995 739 1090 774 non
1130 727 1290 789 potuit
1333 731 1381 773 te
1420 723 1694 773 evidentius
1732 729 1916 776 notare.
1993 725 2129 787 Majo
2153 720 2218 789 ἵ),
2258 723 2397 775 Julio

142 798 288 845 etiam
329 803 367 854 (ζ
410 799 459 844 in
497 796 663 846 Solem
703 799 1006 848 insaltarunt.
1073 798 1216 861 Quod
1254 798 1402 862 igitur
1426 797 1520 845 Dei
1547 795 1606 845 O.
1632 796 1702 847 M.
1743 797 1924 845 auxilio
1951 800 2242 858 gravissima
2266 801 2399 862 peri-

146 869 257 918 cula
293 870 536 930 avertisti,
593 870 933 920 demonstrasti
985 879 1119 920 tuam
1172 887 1279 921 cum
1330 872 1520 933 trigono
1560 871 1704 932 igneo
1746 872 2104 933 cognationem.
2181 871 2400 921 Fuerunt

142 950 303 991 tamen
343 957 443 991 una
479 943 637 991 bonae
677 942 982 1005 directioneS,
1020 942 1090 1012 Q
1117 945 1180 993 ad
1212 941 1269 1011 Q
1312 949 1360 992 et
1397 942 1582 992 sextilis
1625 949 1662 998 <s
1683 978 1694 1002 ,
1734 942 1803 990 M.
1833 942 1886 994 C.
1925 943 1986 991 ad
2017 957 2076 997 00
2109 940 2177 1010 Q
2209 949 2257 992 et
2282 959 2397 994 sex-

142 1016 241 1064 tilis
267 1013 321 1080 Γ),
361 1022 410 1064 et
446 1015 682 1065 hacteuus
720 1017 1029 1067 ascendentis
1067 1018 1130 1066 ad
1169 1019 1346 1066 trinum
1385 1015 1529 1076 Solis,
1570 1015 1794 1064 sextilem
1831 1014 2005 1064 Martis
2046 1022 2092 1065 et
2131 1016 2274 1067 aliae.

318 1089 459 1137 Anno
504 1093 639 1139 1599
685 1097 723 1147 (ς’
766 1105 852 1153 per
879 1088 945 1157 ὓ
974 1097 1021 1140 et
1048 1087 1115 1160 (Q
1156 1091 1294 1139 tardo
1321 1095 1456 1137 motu
1485 1087 1755 1147 incedebat,
1797 1103 1884 1136 nec
1911 1098 2024 1138 ante
2051 1088 2256 1137 Junium
2283 1093 2399 1138 anni

146 1166 282 1211 1600
323 1161 545 1212 discessit
584 1177 643 1212 ex
682 1159 780 1234 (Ω,
821 1163 954 1226 quod
991 1164 1262 1213 valetudini
1299 1164 1487 1222 nocuit,
1534 1161 1799 1223 adjuvante
1838 1163 1999 1210 sextili
2041 1167 2077 1217 (ζ
2122 1162 2310 1211 fervido
2349 1166 2398 1211 in

140 1234 412 1299 horoscopo
449 1250 536 1298 per
575 1235 906 1288 directionem.
980 1236 1162 1286 Postea
1199 1237 1264 1301 Θ
1304 1235 1611 1298 affligebatur
1649 1234 1887 1296 quadrato
1916 1231 1952 1298 Γ)
1990 1236 2128 1282 annis
2173 1240 2309 1284 1600
2351 1243 2399 1286 et

147 1313 302 1360 1601.
377 1309 508 1358 Hinc
546 1311 712 1359 variae
752 1310 1080 1362 difficultates

311 1381 423 1430 Hoc
459 1396 587 1431 anno
631 1384 767 1433 1602
806 1383 1074 1433 Novembri
1115 1383 1304 1431 transiit
1341 1380 1407 1433 Μ.
1448 1380 1499 1429 C.
1542 1378 1721 1429 damna
1759 1380 2052 1443 significans,
2094 1395 2219 1443 quae
2259 1386 2394 1431 atro-

141 1456 273 1504 ciora
309 1456 530 1517 fuissent,
567 1458 663 1504 nisi
701 1456 847 1520 hujus
885 1470 1123 1520 geneseos
1161 1454 1407 1519 singulare
1444 1455 1591 1502 robur
1629 1459 1773 1502 esset.

310 1529 499 1591 ltaque,
541 1535 594 1577 ut
630 1529 759 1579 hunc
794 1529 954 1579 locum
994 1528 1297 1589 concludam,
1338 1527 1601 1577 admodum
1641 1527 1842 1589 pulcher
1880 1527 2117 1576 hactenus
2154 1528 2246 1576 fuit
2284 1542 2404 1577 con-

136 1616 308 1652 sensus
345 1602 492 1664 hujus
529 1617 766 1667 geneseos
806 1618 915 1653 cum
953 1604 1158 1664 eventis,
1199 1616 1357 1665 neque
1398 1601 1624 1662 dubium,
1678 1603 1795 1664 quin
1836 1607 2027 1665 tempus
2067 1615 2174 1650 cum
2217 1603 2403 1653 oriente

0 1668 40 1734 {i
137 1690 169 1725 a
203 1675 268 1727 D.
306 1675 542 1740 Tychone
579 1678 669 1726 rite
708 1678 772 1726 sit
811 1679 1143 1727 constitutum.

1007 1813 1091 1858 De
1129 1811 1326 1858 futuro
1364 1821 1530 1859 ann0.

314 1896 677 1945 Praeterierunt
713 1894 977 1959 pleraeque
1017 1895 1324 1956 directioneS,
1366 1901 1465 1944 tam
1503 1894 1678 1953 bonae,
1723 1909 1870 1957 quam
1896 1893 2068 1944 malae.
2123 1894 2261 1957 Quae
2286 1912 2405 1960 pro-

142 1972 266 2019 xime
304 1971 549 2032 sequitur,
600 1971 728 2018 intra
765 1971 1026 2018 triennium
1065 1969 1248 2029 aderit,
1291 1968 1490 2018 directio
1529 1967 1598 2018 Μ
1640 1968 1692 2016 C.
1736 1968 1841 2016 ad
1839 1976 1875 2029 ÷7
1919 1970 2217 2031 oppositum:
2273 1970 2404 2033 quod

140 2043 205 2093 ad
241 2043 472 2092 honorem
514 2048 562 2091 et
598 2043 895 2092 hilaritatem
933 2057 1190 2105 rerumque
1227 2042 1537 2104 pulchrarum
1567 2040 1920 2090 oblectationes
1949 2049 1996 2090 et
2024 2041 2403 2094 emolumentum

141 2133 173 2165 a
209 2117 401 2165 feminis
441 2117 662 2178 pertinet.

317 2189 370 2236 In
409 2203 639 2252 praesens
683 2190 832 2251 igitur
876 2187 999 2235 nihil
1047 2202 1281 2250 magnum
1318 2189 1367 2235 in
1413 2194 1634 2237 neutram
1681 2194 1883 2250 partem.
1961 2188 2246 2252 Pendetque
2297 2195 2404 2239 tota

139 2276 374 2326 geneseos
413 2263 703 2324 gubernatio
742 2277 772 2309 a
810 2261 1200 2310 revolutionibus
1240 2267 1287 2310 et
1326 2262 1624 2312 transitibus

316 2335 667 2384 Revolutiones
704 2336 818 2383 anni
856 2335 1105 2398 praeteriti
1148 2339 1302 2384 1602.
1347 2339 1432 2383 28
1473 2334 1596 2382 Julii
1650 2340 1697 2382 et
1746 2335 1892 2382 futuri
1939 2340 2090 2384 1603.
2136 2340 2218 2384 28.
2260 2334 2403 2385 Julii

150 2409 289 2457 Bona
326 2415 401 2457 est
438 2417 644 2471 utraque
682 2423 769 2471 per
794 2422 846 2456 se
875 2414 923 2456 et
961 2406 1146 2470 aliquid
1189 2407 1457 2456 Caesare
1498 2407 1696 2469 dignum
1726 2407 2015 2469 significant,
2060 2414 2296 2470 quantum
2323 2423 2402 2458 re-

143 2481 416 2531 volutiones
456 2481 504 2530 id
544 2487 764 2545 possunt.
840 2481 965 2529 Nam
1007 2480 1368 2543 configurantur
1421 2482 1468 2527 in
1518 2489 1721 2543 utraque
1758 2487 1794 2537 ό
1832 2488 1878 2529 et
1913 2477 1998 2549 Q,
2047 2490 2097 2529 ut
2137 2484 2185 2529 in
2223 2481 2404 2543 radice,

144 2557 191 2602 in
229 2562 434 2617 utraque
471 2551 541 2621 Q
570 2562 644 2605 est
680 2556 729 2602 in
767 2556 893 2602 trino
936 2554 1014 2617 Θ,
1055 2554 1104 2601 in
1145 2561 1350 2616 utraque
1391 2557 1597 2603 connexi
1637 2551 1679 2618 ῼ
1708 2560 1756 2603 et
1783 2550 1826 2619 ζᾷ
1869 2559 1920 2602 ut
1967 2555 2015 2601 in
2055 2554 2231 2603 radice.
2295 2556 2402 2605 De-

147 2629 371 2678 trimenta
408 2637 569 2678 tamen
609 2630 658 2675 in
696 2629 854 2691 priore
895 2629 1007 2676 anni
1048 2633 1186 2690 parte
1226 2629 1436 2675 minatur
1462 2622 1499 2692 ῒ)
1545 2630 1590 2674 in
1631 2627 1698 2676 M.
1740 2627 1810 2687 O„
1851 2642 2106 2676 successus
2144 2627 2315 2677 melior
2354 2630 2403 2676 in

144 2707 279 2764 parte
318 2701 471 2750 altera
511 2704 615 2764 erit,
655 2716 769 2750 nam
808 2702 856 2748 in
895 2700 1049 2749 altera
1087 2699 1394 2749 revolutione
1420 2696 1456 2764 Γ)
1487 2707 1534 2750 et
1566 2697 1624 2767 Ἃ
1670 2701 1872 2749 veniunt
1911 2701 1972 2750 ad
2010 2701 2122 2750 loca
2161 2701 2405 2764 quadrata

145 2781 195 2824 et
230 2781 267 2831 ό
298 2776 448 2837 stipat
474 2773 561 2841 Ε).
626 2774 891 2823 Turcarum
931 2788 1047 2823 vero
1086 2774 1188 2836 regi
1228 2770 1265 2837 Γ)
1307 2780 1380 2822 est
1420 2775 1465 2820 in
1495 2775 1554 2834 [1
1584 2773 1661 2838 ζα).
1700 2774 1882 2836 'Spero
1923 2776 2088 2836 itaque
2128 2776 2398 2836 victoriam,

75 2871 78 2873 ·
145 2842 315 2911 pacem
353 2848 572 2911 despero.
628 2846 934 2910 Quamquam
974 2849 1013 2894 si
1040 2847 1212 2895 turbae
1251 2848 1298 2894 in
1338 2849 1539 2910 imperio
1580 2848 1714 2909 pacis
1754 2849 2096 2895 necessitatem
2135 2849 2404 2911 imponunt,

146 2920 239 2970 hae
277 2935 393 2970 sane
432 2922 580 2969 metui
621 2927 825 2983 possunt
864 2921 925 2970 ob
966 2925 1121 2969 terrae
1161 2926 1342 2981 motuS,
1395 2920 1596 2982 eclipsin
1639 2927 1685 2969 et
1725 2920 2115 2982 conjunctionem
2154 2935 2396 2983 magnam.

144 2992 379 3056 Quamvis
418 2994 511 3043 hoc
548 2994 734 3057 politici
773 2993 1092 3057 disputabunt
1129 2995 1426 3053 rectissime,
1467 3008 1700 3056 pacemne
1754 2994 1868 3040 foris
1908 2993 2188 3055 hujusmodi
2228 2994 2399 3043 turbae

146 3065 441 3116 domesticae
494 3067 735 3116 suadeant
780 3082 841 3116 an
894 3071 1178 3129 sequantur.
1256 3066 1434 3114 Turbis
1486 3068 1615 3114 enim
1666 3068 1949 3115 occasiones
1996 3068 2098 3128 jam
2147 3067 2298 3114 otium
2338 3068 2400 3116 ab

145 3138 308 3199 hoste,
330 3139 435 3203 jam
462 3142 638 3188 nimiae
668 3147 716 3189 et
744 3139 998 3188 diuturnae
1025 3139 1302 3188 exactiones
1327 3141 1378 3185 in
1402 3138 1518 3187 belli
1558 3153 1721 3198 usum,
1757 3140 1861 3201 jam
1892 3140 1986 3187 alia
2014 3140 2398 3202 subministrant,

149 3226 273 3274 quae
311 3213 358 3260 in
385 3212 522 3262 coelo
549 3227 645 3262 non
674 3214 743 3262 ita
770 3212 925 3261 claras
952 3212 1136 3260 habent
1162 3210 1559 3272 significationes.
1614 3210 1816 3259 Coelum
1854 3212 1973 3258 nihil
2016 3219 2086 3259 cst
2115 3213 2207 3260 nisi
2234 3212 2401 3274 fomeS,

149 3291 394 3335 terrestres
433 3287 825 3335 circumstantiae
864 3286 1072 3333 formant
1110 3298 1252 3332 casus
1292 3284 1468 3344 varios,
1510 3289 1563 3331 ut
1600 3285 1737 3345 pacis
1777 3298 1836 3332 an
1878 3284 1990 3331 belli
2018 3284 2148 3333 illius
2175 3287 2402 3348 regionis

320 3358 481 3421 Magis
520 3365 681 3408 tamen
722 3360 770 3405 in
809 3372 987 3406 annum
1019 3361 1153 3404 1604
1195 3362 1403 3418 vergunt
1442 3355 1528 3404 illa
1566 3354 1832 3404 domestica
1871 3356 2100 3419 pericula,
2144 3371 2252 3407 cum
2287 3355 2324 3421 Γ)
2353 3361 2402 3407 in

152 3444 259 3478 eum
306 3431 466 3480 locum
516 3431 721 3491 incidet,
777 3432 858 3492 qui
907 3432 952 3476 in
1006 3427 1270 3477 directione
1323 3442 1472 3491 regna
1521 3427 1840 3489 significavit,
1894 3443 1960 3480 sc.
2007 3426 2183 3489 15⁰s.
2263 3430 2401 3494 Quae

153 3503 411 3567 specialius
451 3503 544 3551 dici
582 3508 802 3566 possunt,
843 3502 1063 3563 sequenti
1106 3500 1260 3549 diario
1297 3514 1384 3563 per
1421 3503 1653 3549 transitus
1693 3500 2026 3564 expediuntur.

670 3635 752 3681 De
789 3634 1128 3681 valetudine
1166 3632 1241 3679 ad
1278 3633 1625 3689 posteriores
1666 3645 1859 3681 annos.

325 3719 442 3769 Sive
481 3725 528 3769 te
567 3718 752 3779 audies,
794 3717 1002 3767 didicisti
1030 3716 1194 3768 multis
1238 3719 1575 3781 experimentis
1616 3718 1736 3767 haec
1775 3721 1999 3781 quamvis
2039 3719 2245 3772 adversa
2270 3724 2400 3773 vati-

56 3769 282 3856 {felnis
317 3797 647 3856 contemnere,
686 3794 792 3844 sive
829 3806 921 3855 me,
961 3794 1074 3844 totis
1112 3790 1294 3841 viribus
1320 3791 1573 3853 contend0,
1616 3806 1709 3842 non
1738 3806 1843 3843 csse
1882 3794 2019 3845 coelo
2051 3794 2400 3847 determinandi

54 3861 163 3944 a

71 3972 97 4017 A
112 3983 118 3995 '¹

1981 4019 1997 4042 Q
