2652 4088
1013 171 1051 219 1.
1082 171 1420 220 Mathematica.
2247 164 2356 224 177

22 330 38 366 2
97 332 298 368 curvum
338 324 424 369 aut
461 334 611 368 unum
663 324 750 368 aut
786 317 1004 379 infinita,
1058 328 1156 369 tam
1206 322 1414 385 angulos
1453 335 1600 384 quam
1638 319 1808 368 latera.
1885 318 2153 382 Regularia
2193 320 2357 367 omnia

22 384 47 399 “’
94 394 145 440 in
183 392 413 440 circulum
453 393 709 456 quadrant,
749 394 820 441 sic
858 394 1021 440 omnia
1057 395 1317 458 triangula,
1358 398 1429 444 sic
1468 396 1631 443 omnia
1668 390 2125 456 parallelogramma
2162 399 2358 441 rectan-

47 488 50 489 ⁷
96 464 228 528 gula.
293 465 367 513 Ex
402 466 699 528 rectangulis
725 464 885 514 solida
921 469 1206 529 rectangula
1243 468 1379 531 fiunt,
1419 470 1461 516 si
1501 468 1676 516 ductus
1701 480 1799 514 non
1824 472 2013 514 tantum
2051 471 2226 526 rectus,
2267 463 2355 513 sed

98 539 246 587 etiam
284 538 360 585 bis
397 539 711 602 rectangulus
749 544 846 600 est3
898 538 1011 587 inde
1059 539 1335 602 dependent
1375 547 1403 590 2
1445 540 1573 590 aliae
1609 541 1816 599 formae,
1868 541 1910 586 si
1958 553 2006 588 n.
2048 538 2222 587 ductus
2271 543 2360 586 aut

101 610 254 660 semel
288 618 377 658 aut
414 626 665 674 nunquam
701 611 1028 674 rectanguluS.
1081 612 1139 660 In
1178 617 1332 676 primo
1373 616 1537 662 omnia
1575 613 1729 661 latera
1766 611 2187 675 perpendicularia
2226 617 2356 672 sunt,

93 697 265 732 omnes
302 685 471 747 auguli
510 687 652 745 recti,
693 687 743 732 in
780 684 994 733 secundo
1035 684 1130 734 duo
1171 689 1399 750 opposita
1440 702 1499 736 ex
1537 686 1697 749 planis
1735 691 1883 745 recta,
1924 685 2090 747 aliqua
2138 683 2354 747 obl-iqua,

20 810 22 814 y
95 758 147 804 in
185 758 329 805 tertia
382 759 546 806 omnia
593 758 742 820 plana
792 759 1001 806 invicem
1049 758 1250 822 obliquo
1303 759 1487 823 angulo
1535 759 1732 821 juncta,
1787 773 1952 807 omnes
2002 757 2138 820 plani
2191 756 2358 820 anguli

97 830 302 892 obliqui.

268 901 323 950 Si
349 901 551 964 planum
590 916 759 950 creans
794 902 1086 965 quadratum
1125 910 1174 952 et
1212 903 1384 953 ductus
1411 905 1552 953 lateri
1580 902 1800 965 aequalis
1828 895 1932 963 suit,
1974 908 2163 951 creatur
2188 903 2356 963 cubus,

101 974 239 1036 cujus
279 976 441 1023 omnia
478 975 641 1037 plana,
683 975 865 1036 latera,
906 976 1074 1039 anguli
1111 979 1322 1025 invicem
1361 977 1594 1040 aequales
1633 984 1681 1025 et
1718 977 1855 1024 recti.
1931 974 1983 1023 Si
2022 975 2223 1037 planum
2265 976 2359 1023 cir-

97 1048 236 1097 culus
272 1047 378 1107 fuit,
420 1053 608 1095 creatur
646 1048 883 1111 cylinder,
922 1049 1131 1098 rotunda
1167 1052 1382 1112 pariete,
1422 1053 1575 1098 mixta
1614 1051 1912 1112 quantitate,
1954 1048 2032 1095 vel
2059 1048 2191 1110 quod
2227 1048 2356 1096 idem

102 1127 191 1181 est,
230 1120 740 1182 parallelogrammum
777 1122 1115 1184 rectangulum
1155 1137 1252 1171 uno
1290 1123 1442 1173 latere
1481 1122 1732 1184 immobili,
1774 1121 1961 1183 reliquo
1989 1121 2356 1170 circumvoluto.

98 1193 284 1243 Verum
319 1194 391 1241 sic
429 1208 526 1241 non
566 1195 721 1241 omnis
763 1195 992 1257 cylinder,
1034 1198 1201 1257 utique
1240 1210 1337 1244 non
1375 1211 1588 1259 pressuS.

269 1265 443 1322 Sectae
467 1266 651 1329 figurae
680 1282 739 1315 ex
765 1268 910 1315 meris
949 1267 1209 1317 rectilineis
1235 1269 1607 1318 denominantur
1633 1265 1928 1332 pyramideS‚
1969 1280 2078 1314 cum
2118 1266 2167 1312 in
2207 1265 2362 1314 altera

8 1368 11 1406 g
98 1340 288 1389 basium
326 1341 519 1402 signato
557 1346 738 1402 puncto
775 1341 839 1389 ab
878 1340 1078 1389 alterius
1115 1341 1349 1390 lateribus
1395 1342 1450 1390 fit
1487 1344 1655 1391 secti0.
1733 1341 1796 1388 Et
1834 1339 2037 1388 totidem
2073 1338 2196 1386 fiunt
2232 1353 2364 1388 nova

11 1442 13 1446 .
98 1412 356 1476 triangula,
395 1419 515 1476 quot
554 1415 601 1460 in
641 1418 803 1461 creato
845 1420 982 1461 erant
1018 1427 1150 1463 nova
1187 1415 1662 1480 parallelogramma.

275 1486 349 1534 Ex
388 1484 620 1549 cylindris
657 1491 821 1536 sectae
862 1486 1235 1536 denominantur
1273 1490 1410 1549 coni,
1463 1489 1548 1536 ubi
1587 1502 1673 1550 pro
1713 1487 1910 1534 infinitis
1952 1484 2032 1533 vel
2070 1499 2169 1531 uno
2208 1483 2362 1533 latere

12 1550 17 1618 ’Ἴ
99 1559 231 1607 basis
267 1559 319 1606 in
359 1559 575 1622 cylindro
615 1559 805 1608 infinita
843 1562 993 1608 etiam
1031 1559 1111 1610 vel
1149 1569 1299 1609 unum
1337 1567 1528 1610 tantum
1566 1560 1862 1623 triangulum
1902 1559 2139 1606 facientia
2173 1559 2221 1604 in
2248 1572 2360 1606 sec-

81 1633 249 1691 ‘tione,
289 1633 425 1692 sive,
480 1631 612 1695 quod
650 1633 779 1681 idem
819 1639 914 1694 est,
954 1634 1252 1696 triangulum
1289 1635 1624 1697 rectangulum
1666 1634 1818 1682 altero
1859 1633 1986 1680 circa
2024 1637 2209 1679 rectum
2248 1630 2361 1691 fix0,

18 1737 21 1769 3
96 1704 337 1767 reliquum
375 1704 598 1753 volutum
635 1707 752 1756 facit
791 1721 991 1767 conum,
1035 1707 1122 1756 sed
1161 1710 1353 1757 nonnisi
1391 1708 1690 1771 regularem3
1742 1707 1896 1769 pressi
1946 1705 2073 1754 enim
2113 1704 2224 1752 inde
2265 1717 2362 1751 non

18 1806 22 1831 ι
98 1780 318 1829 veniunt.

22 1906 24 1918 ἰ
240 1851 527 1913 Composita
563 1857 691 1912 sunt,
730 1858 974 1915 quotquot
1013 1854 1139 1901 inter
1176 1868 1325 1916 supra
1363 1855 1544 1916 scripta
1581 1852 1744 1901 referri
1773 1866 1868 1899 non
1908 1855 2115 1912 possunt
2152 1854 2361 1912 suntque

100 1925 248 1974 etiam
283 1924 489 1973 infinita.
565 1924 933 1988 Componuntur
986 1931 1150 1974 autem
1189 1927 1383 1990 singula
1418 1942 1476 1976 ex
1515 1932 1588 1974 tot
1624 1924 1988 1989 pyramidibUS,
2042 1929 2162 1986 quot
2198 1923 2360 1986 planis

24 1998 26 2010 ²
85 1996 402 2049 clauduntur.
454 1997 611 2047 Plana
649 2000 796 2047 bases
836 2006 951 2047 sunt
990 2002 1412 2062 componentium,
1452 2014 1707 2048 mucrones
1752 1999 2012 2045 introrsum
2053 1998 2195 2058 versi,
2236 2010 2356 2044 con-

95 2078 343 2121 currentes
383 2085 492 2119 cum
531 2079 695 2120 centro
733 2071 932 2134 figurae.
1008 2072 1065 2119 In
1106 2075 1237 2120 omni
1275 2073 1528 2138 pyramide
1568 2072 1812 2120 stabilitas
1851 2073 1992 2118 inest.

268 2143 529 2206 Multiplex
568 2154 642 2194 est
682 2144 899 2194 delectus
938 2147 987 2192 in
1028 2147 1329 2209 corporibus,
1390 2147 1514 2195 Nam
1555 2160 1680 2209 quae
1720 2144 1897 2202 latera,
1937 2143 2109 2205 plana,
2152 2140 2358 2205 angulos

91 2215 281 2266 habent
317 2217 552 2280 aequales
564 2254 580 2279 ,
620 2233 678 2267 ac
715 2219 865 2281 plana
902 2219 1173 2281 regularia,
1214 2219 1458 2283 regularia
1496 2225 1543 2269 et
1581 2218 1827 2267 mundana
1868 2230 2071 2278 corpora
2110 2214 2358 2276 dicuntia-3

31 2301 34 2329 l
83 2289 286 2353 ,reliqua
322 2305 420 2354 quo
459 2293 615 2354 magis
652 2292 907 2353 recedunt,
956 2307 1014 2341 eo
1061 2295 1219 2341 minus
1269 2296 1567 2355 geometrica
1618 2297 1745 2340 sunt.
1823 2288 2077 2351 Quaedam
2130 2291 2258 2337 enim
2309 2289 2360 2335 in

34 2370 35 2385 ³
85 2363 307 2412 secundo
348 2363 516 2413 ordine
554 2366 765 2427 angulos
802 2365 988 2414 solidos
1027 2372 1075 2414 et
1111 2365 1267 2415 latera
1306 2366 1532 2429 aequalia
1583 2365 1765 2414 habent
1811 2363 2059 2426 planaque
2099 2362 2358 2424 regularia,

36 2452 37 2459 ¹
85 2435 182 2486 <ned
218 2439 385 2500 mixta,
425 2446 473 2486 et
509 2437 695 2486 solidos
733 2441 926 2500 mixtos,
967 2453 1094 2502 quae
1137 2439 1457 2489 Archimedea
1497 2439 1733 2487 dicuntur.

476 2572 560 2618 De
599 2572 827 2629 angulis
865 2573 922 2618 et
958 2582 1200 2619 numero
1240 2572 1558 2620 solidorum
1595 2571 1965 2630 regularium.

266 2656 491 2720 Angulns
529 2658 814 2721 simpliciter
851 2659 1037 2708 solidus
1078 2659 1266 2721 dicitur,
1307 2662 1391 2723 qui
1429 2661 1607 2721 tribus,
1648 2658 1975 2720 compositus,
2017 2655 2100 2717 qui
2140 2653 2360 2716 pluribus

88 2727 254 2792 „planis
292 2730 549 2782 clauditur.
626 2732 931 2795 Angulorum
967 2733 1252 2796 planorum,
1293 2736 1377 2797 qui
1415 2734 1625 2783 solidum
1666 2731 1924 2789 claudunt,
1975 2742 2165 2776 summa
2203 2727 2361 2774 minor

91 2808 173 2852 ut
216 2810 423 2866 quatuor
474 2807 632 2854 rectis.
706 2806 953 2854 Maximus
1005 2806 1181 2869 planus
1233 2822 1422 2870 semper
1469 2810 1626 2855 minor
1677 2812 1749 2855 est
1799 2817 1987 2852 summa
2043 2800 2357 2863 reliquorum

91 2873 219 2925 Inde
256 2889 446 2926 summa
482 2877 690 2928 habetur
726 2878 1039 2942 regularium.

266 2949 392 2999 Nam
430 2952 725 3015 simplicium
762 2952 1052 3015 angulorum
1092 2952 1359 3002 solidorum
1398 2953 1642 3016 regularia
1681 2952 1774 2999 tiia
1813 2953 1951 2996 sunt:
1994 2960 2141 2994 unum
2184 2946 2230 2991 in
2269 2958 2358 3006 ge-

94 3022 291 3083 neratis,
331 3023 463 3086 quod
500 3027 642 3074 rectis
681 3026 833 3074 tribus
870 3026 1032 3088 planis
1071 3026 1311 3075 clauditur
1352 3033 1400 3075 ct
1436 3034 1620 3075 rectum
1660 3021 1871 3073 solidum
1910 3021 2026 3068 facit
2066 3046 2137 3054 -—
2173 3017 2356 3077 eubus3

97 3105 247 3142 mum
284 3097 332 3143 in
374 3099 536 3158 sectis,
577 3098 709 3161 quod
747 3100 904 3147 acutis
932 3101 1085 3147 tribus
1111 3101 1157 3145 in
1184 3099 1397 3147 solidum
1436 3105 1633 3148 acutum
1673 3095 1927 3153 clauditur,
1969 3098 2016 3140 et
2057 3097 2131 3139 est
2171 3093 2353 3138 tetrae·-

95 3162 268 3229 drum3
308 3183 454 3218 unum
493 3172 540 3218 in
581 3173 883 3235 compositis,
923 3171 1055 3233 quod
1095 3172 1283 3220 obtusis
1325 3173 1477 3220 tribus
1516 3174 1564 3218 in
1603 3169 1810 3218 solidum
1846 3167 2075 3214 obtusum
2116 3161 2358 3211 clauditur

98 3265 170 3290 -,-
206 3239 559 3293 ᾶοᾱεεειὲᾶῐοη.
646 3243 1037 3306 Compositorum
1091 3244 1381 3306 angulorum
1431 3244 1526 3292 duo
1566 3248 1703 3300 sunt,
1759 3254 1907 3288 unum
1961 3235 2094 3299 quod
2144 3241 2357 3297 quatuor

96 3308 257 3375 planis
294 3318 451 3364 acutis
492 3318 538 3363 in
577 3315 787 3364 solidum
824 3322 956 3366 recto
993 3319 1266 3379 proximum
1307 3316 1571 3373 clauditur,
1627 3314 1765 3375 cujus
1804 3309 1973 3372 anguli
2016 3308 2112 3356 duo
2153 3321 2356 3370 compo-

101 3393 267 3436 nentes
306 3387 487 3451 singuli
523 3394 655 3437 recto
695 3388 843 3451 plano
882 3395 931 3438 et
967 3387 1159 3437 duobus
1198 3390 1353 3437 acutis
1393 3387 1707 3444 clauduntur,
1750 3383 2012 3433 octa‘e‘dron
2053 3396 2112 3429 ex
2153 3393 2355 3443 compo-

102 3457 207 3507 nitis
248 3459 326 3508 vel
364 3462 512 3510 sectis
551 3475 609 3509 ex
648 3459 904 3509 tetra'cdro.
970 3458 1147 3519 Unum,
1190 3460 1319 3522 quod
1350 3465 1378 3509 5
1405 3460 1561 3523 planis
1589 3461 1746 3507 acutis
1785 3458 1833 3503 in
1873 3453 2082 3503 solidum
2124 3454 2353 3501 obtusum

102 3528 354 3592 clauditur,
395 3532 689 3581 divisibilem
728 3533 774 3578 in
815 3540 911 3581 tres
936 3533 1181 3595 simplices
1210 3548 1268 3581 ex
1305 3534 1584 3596 compositis
1613 3530 1909 3593 corp01·ibUS‚
1937 3555 2003 3562 —
2032 3526 2352 3575 icosaedrum.

105 3599 174 3652 Ex
216 3610 279 3653 10
308 3613 355 3654 et
387 3610 450 3653 12
492 3605 651 3668 planis
688 3604 809 3652 nihil
848 3604 900 3651 fit
940 3619 996 3653 ex
1037 3606 1192 3667 prima
1230 3605 1413 3667 regula.
1464 3606 1534 3652 Ex
1575 3605 1727 3652 tribus
1752 3599 2045 3663 sexangulis,
2086 3604 2354 3663 septangu-

0 3687 7 3698 ·
68 3672 278 3727 nnete.
305 3677 440 3736 nihil,
481 3692 567 3740 per
603 3676 883 3726 secundam.
962 3677 1033 3725 Ex
1074 3682 1102 3725 4
1132 3677 1394 3740 quadratis,
1436 3675 1816 3740 quinquangulis
1855 3681 1945 3723 etc.
1989 3671 2125 3733 nihil,
2164 3688 2250 3736 per
2290 3678 2351 3732 2.,

102 3748 253 3799 nnlto
280 3751 439 3798 minus
477 3765 536 3799 ex
567 3754 612 3811 5,
643 3756 689 3811 6,
722 3753 748 3797 7
779 3757 871 3798 etc.
948 3749 1020 3797 Ex
1061 3755 1089 3798 6
1119 3749 1372 3813 triangulis
1410 3750 1558 3809 nihil,
1597 3749 1749 3798 multo
1788 3749 1947 3797 minus
1987 3759 2046 3795 ex
2085 3745 2350 3810 quadram,

103 3824 159 3872 et
192 3821 352 3873 adhuc
389 3824 547 3871 minus
587 3837 646 3872 ex
687 3829 732 3884 7,
762 3827 790 3872 8
821 3827 910 3872 etc.
949 3822 1219 3886 trianguli&

275 3895 624 3956 Archimedea‚
678 3910 805 3961 quae
843 3893 1102 3959 ordinatis,
1159 3894 1246 3945 sed
1296 3910 1392 3946 non
1433 3895 1605 3947 iisdem
1644 3899 1822 3949 coeunt
1859 3893 2034 3958 planis,
2097 3891 2224 3941 Nam
2264 3907 2352 3942 ex·-

189 3977 345 4024 Kopion
367 3979 493 4025 Opere.
515 3979 620 4015 vm.
1948 3978 2005 4024 12
