2652 4088
987 191 989 193 >
1070 158 1118 205 in
1149 157 1267 206 Orbe
1295 156 1464 204 Lunae.
1505 167 1509 209 ζ
2313 162 2382 218 95

134 312 461 376 undequaque
498 316 668 362 contra
690 312 919 362 nitantur.
967 307 1159 358 Videtis
1198 306 1475 370 identidem,
1514 310 1555 356 si
1595 306 1720 356 duae
1746 315 2015 371 appareant
2052 310 2214 372 irides‚
2253 312 2382 360 nube

134 387 315 435 nubem
354 386 620 445 ambiente,
659 390 715 432 ut
751 397 834 442 ea,
875 395 1001 444 quae
1039 382 1250 431 exterius
1288 381 1462 440 ambit,
1505 382 1737 450 obscuros
1775 388 1823 430 et
1862 382 2043 432 debiles
2083 383 2260 434 efficiat
2300 399 2386 433 co-

134 459 262 508 lores
277 455 364 520 ⁷⁰).
436 458 604 507 Nubes
643 458 769 505 enim
807 457 1037 514 exterior,
1089 460 1142 502 ut
1180 468 1306 515 quae
1344 454 1538 516 longius
1577 469 1608 504 a
1645 456 1755 502 visu
1793 469 2029 517 suspensa
2065 471 2224 520 neque
2261 458 2385 506 bene

136 540 391 595 compacta
430 538 530 591 est,
570 544 727 592 neque
777 529 946 576 fortem
997 526 1306 575 reflexionem
1346 527 1557 576 exhibet.
1635 528 1695 576 Et
1734 527 1851 589 quid
1889 528 2110 591 pluribus
2150 545 2273 593 opus
2298 537 2387 578 sest

139 605 345 655 verbis?
419 604 541 653 Cum
576 602 740 651 lumen
779 601 908 650 Solis
952 600 1261 648 reflexionem
1312 601 1360 646 in
1401 599 1542 648 Luna
1593 615 1788 663 passum
1827 616 1922 650 non
1962 609 2150 651 tantum
2190 617 2381 653 omnem

135 677 367 742 deperdat
405 677 627 734 calorem,
666 674 752 723 sed
792 676 938 722 etiam
978 672 1209 721 claritatis
1248 687 1368 721 suae
1407 680 1576 721 tenues
1615 673 1876 722 admodum
1917 680 1964 723 et
2001 676 2266 725 imbecilles
2307 677 2386 725 re-

131 751 312 813 liquias
341 752 421 798 vix
446 749 508 797 ad
531 763 620 796 nos
646 749 960 806 transmittat,
1002 746 1061 794 de
1088 746 1223 794 radio
1252 747 1418 807 utique
1458 748 1632 808 visivo,
1675 748 1755 809 qui
1796 762 1882 810 per
1919 749 2203 798 tantundem
2239 751 2385 812 spatii

136 824 359 883 defertur,
398 824 576 885 poterit
610 836 678 870 sc.
717 819 1027 883 portiuncula
1068 819 1146 866 vel
1185 818 1377 866 tantilla
1412 818 1610 868 residua
1649 819 1855 869 evadere
1882 837 1912 870 a
1937 821 2077 870 Luna
2115 822 2178 870 ad
2205 822 2384 871 Solem.

134 897 241 960 Ego
282 895 476 959 quidem
514 894 646 942 haud
698 888 974 957 opinor⁷¹).
1051 891 1366 940 Considerate
1417 906 1533 940 vero
1574 898 1621 939 et
1659 907 1774 953 VOS,
1832 893 2079 954 dicebam,
2137 897 2179 943 si
2217 895 2388 944 eodem

133 970 280 1018 modo
331 971 466 1016 visus
519 975 567 1016 et
604 967 667 1014 ab
706 966 848 1014 undis
887 972 934 1015 et
972 981 1003 1013 a
1038 965 1180 1012 Luna
1231 963 1492 1024 afficiatur,
1542 971 1764 1026 oportere
1805 972 1852 1014 et
1889 966 2100 1016 Telluris
2153 973 2199 1017 et
2238 967 2389 1017 Terra

134 1044 439 1091 nascentium
477 1047 526 1088 et
563 1040 811 1086 hominum
851 1045 897 1087 et
924 1039 1133 1086 siderum
1161 1039 1396 1099 imagines
1423 1039 1772 1099 repraesentari
1800 1053 1830 1086 a
1857 1039 1995 1087 Luna
2021 1041 2179 1105 plena,
2220 1042 2386 1102 quus-

130 1114 261 1163 modi
287 1119 704 1176 repraesentantur
728 1128 757 1160 a
783 1111 993 1174 speculis
1021 1111 1221 1173 reliquis
1236 1106 1322 1167 ⁷²),
1378 1108 1562 1171 Quodsi
1591 1110 1653 1158 ad
1682 1112 1799 1158 istas
1826 1126 1922 1159 non
1950 1112 2069 1160 fiunt
2095 1113 2382 1162 reflexiones

134 1190 270 1235 visus
296 1187 375 1235 vel
401 1193 595 1248 propter
620 1186 725 1247 ejus
753 1185 1077 1232 infirmitatem
1094 1180 1175 1248 ⁷³),
1203 1182 1279 1231 vel
1304 1190 1499 1245 propter
1524 1181 1693 1231 Lunae
1720 1186 2028 1245 asperitatem
2046 1182 2122 1246 ⁷⁴),
2151 1201 2210 1234 ne
2238 1189 2386 1249 igitur

30 1262 42 1269 “
132 1275 194 1310 ne
229 1259 293 1308 ad
319 1260 481 1308 Solem
520 1258 715 1321 quidem
752 1257 861 1305 illas
898 1258 999 1306 fieri
1038 1256 1357 1319 postulemus
1409 1256 1473 1303 Et
1509 1269 1598 1304 nos
1638 1256 1848 1318 quidem,
1887 1257 2096 1320 ajebam,
2133 1260 2386 1308 retulimus

55 1328 77 1340 '
114 1347 205 1395 ·ea‚
245 1347 372 1397 quae
411 1333 478 1380 ibi
515 1332 709 1379 fuerunt
748 1330 891 1390 dicta,
932 1336 1166 1393 quantum
1206 1343 1370 1377 eorum
1410 1336 1623 1377 nostram
1663 1344 1759 1377 non
1793 1331 1961 1392 effugit
1998 1335 2280 1380 memoriam
2299 1330 2385 1394 7⁵).

307 1405 523 1468 Tempus
560 1419 687 1452 nunc
726 1411 813 1463 est,
855 1411 908 1452 ut
946 1405 1094 1452 etiam
1119 1401 1367 1466 Syllam
1407 1405 1672 1450 excitemus
1711 1402 1932 1466 adeoque
1970 1407 2294 1454 narrationem
2323 1407 2385 1454 ab

122 1479 243 1545 ⁴,ipso
283 1482 549 1540 exigamUS,
590 1484 643 1526 ut
682 1479 765 1539 qui
803 1477 894 1525 sub
934 1478 1195 1539 sponsione
1233 1474 1426 1524 auditor
1463 1476 1622 1527 fuerit.
1672 1476 1818 1537 ErgO,
1857 1479 1898 1524 si
1936 1477 2110 1540 placet,
2151 1494 2182 1526 a
2219 1479 2388 1540 deamss-

134 1548 351 1602 balando
391 1551 706 1610 desistamus,
748 1550 1089 1599 consideamus
1128 1562 1243 1597 vero
1283 1550 1330 1595 in
1370 1548 1607 1596 sedilibus
1635 1550 1900 1612 sessileque
1940 1554 2030 1614 ipsi
2066 1552 2388 1614 praebeamus

134 1625 443 1674 auditorium.
520 1625 682 1686 Atque
721 1623 843 1672 haec
882 1638 989 1672 cum
1029 1623 1316 1684 probassent
1357 1623 1525 1682 ceteri,
1567 1622 1891 1673 consedimus,
1967 1624 2105 1673 Tunc
2144 1625 2386 1691 Theon,

134 1695 228 1764 effi)
267 1698 477 1760 quidem,
520 1711 548 1745 o
586 1697 832 1759 Lampria‚
875 1697 1016 1756 dixit,
1057 1697 1235 1745 nemini
1273 1695 1392 1743 cedo
1432 1695 1697 1757 cupiditate
1736 1697 1966 1746 audiendi
2005 1713 2087 1758 ea,
2144 1692 2271 1760 quae
2311 1698 2389 1747 di-

134 1779 326 1833 centur3
363 1773 495 1833 prius
536 1778 694 1819 tamen
735 1769 878 1818 valde
916 1777 1107 1832 gratum
1145 1768 1409 1828 accideret,
1449 1768 1616 1817 audire
1657 1768 1715 1817 de
1754 1771 1838 1828 iis,
1881 1785 2002 1833 quos
2042 1772 2181 1833 ajunt
2220 1772 2388 1822 Lunae

132 1844 332 1907 globum
369 1843 596 1895 incolere,
668 1843 778 1891 Non
818 1842 910 1891 hoc
949 1856 1154 1905 quaero,
1196 1856 1310 1889 num
1349 1843 1432 1904 qui
1469 1844 1566 1889 sint
1604 1842 1709 1905 ejus
1749 1843 1960 1904 incolae,
1999 1844 2086 1893 sed
2124 1860 2239 1892 num
2279 1861 2386 1894 esse

134 1913 451 1983 possint‘?⁷⁶)
515 1917 640 1964 Nam
679 1918 720 1964 si
758 1930 852 1963 non
894 1922 1100 1978 possunt
1128 1930 1250 1974 esse,
1292 1921 1422 1965 caret
1460 1916 1607 1976 igitur
1631 1917 1818 1964 ratione
1858 1924 1906 1965 et
1934 1917 2069 1975 illud,
2112 1918 2242 1980 quod
2271 1934 2389 1967 cou-

16 2018 19 2064 ἰ
59 2048 66 2052 d
135 1990 360 2050 tenditis,
410 1990 600 2038 Lunam
648 2004 753 2038 esse
811 1996 1002 2038 terram.
1078 1988 1340 2037 Videbitur
1388 1989 1515 2036 enim
1563 1988 1684 2035 nulli
1726 1991 1856 2049 usui,
1907 1990 1992 2038 sed
2031 1991 2175 2053 plane
2214 1993 2389 2041 frustra

134 2063 263 2111 facta
302 2078 422 2123 esse,
464 2078 571 2112 cum
610 2077 768 2125 neque
807 2063 990 2110 fruetus
1015 2062 1242 2124 proferat,
1283 2075 1442 2123 neque
1468 2061 1745 2110 hominibus
1773 2063 2020 2125 aliquibus
2045 2064 2208 2113 sedem
2243 2081 2388 2128 prae-

134 2137 250 2185 beat
297 2143 344 2186 et
394 2144 551 2184 ortum
591 2143 639 2184 et
677 2138 886 2186 victum:
937 2150 1143 2198 quarum
1190 2149 1348 2183 rerum
1389 2149 1536 2184 causa
1575 2137 1723 2184 etiam
1762 2135 1886 2184 hanc
1933 2146 2149 2186 nostram
2189 2138 2388 2187 Terram

136 2209 359 2259 effectam
398 2209 616 2269 dicimus,
656 2209 919 2257 secundum
960 2209 1215 2257 Platonem
1254 2208 1472 2256 altricem
1510 2216 1723 2256 nostram
1764 2208 1956 2272 dieique
1998 2217 2045 2259 et
2081 2213 2237 2260 noctis
2276 2227 2390 2274 per-

133 2281 333 2346 vigilem
373 2282 622 2331 custodem
662 2289 711 2332 et
749 2282 985 2344 opificem.
1045 2281 1212 2331 Cernis
1251 2289 1429 2340 autem,
1471 2296 1618 2345 quam
1657 2282 1811 2331 multa
1850 2283 2084 2345 dicantur,
2127 2300 2224 2347 qua
2255 2285 2388 2347 joce,

129 2363 235 2420 qua
279 2357 407 2404 serio
458 2356 518 2404 de
565 2356 713 2404 hisce.
788 2356 855 2404 Iis
896 2358 1098 2418 quippe,
1150 2356 1234 2418 qui
1279 2355 1452 2403 subtus
1501 2355 1691 2403 Lunam
1743 2356 1997 2417 habitant,
2047 2373 2195 2420 supra
2242 2364 2388 2422 caput

132 2423 138 2426 ⁷
315 2436 547 2492 tanquam
604 2428 826 2477 Tantalis
889 2427 1195 2490 impendere,
1254 2429 1338 2490 qui
1392 2442 1507 2476 vero
1566 2431 1786 2492 superius
1837 2429 1922 2478 illa
1969 2429 2217 2492 habitant,
2274 2438 2388 2480 tan-

104 2502 282 2550 Juam
319 2501 517 2550 Ixionas
555 2501 767 2564 illigatos
806 2504 959 2550 motui
997 2509 1096 2552 tam
1132 2502 1329 2564 pernici.
1405 2501 1667 2551 Enimvero
1707 2502 1791 2550 illa
1830 2518 1888 2551 ne
1929 2503 2125 2566 quidem
2149 2518 2260 2570 ⁸uno
2299 2519 2388 2553 so-

113 2574 243 2623 „lum
289 2581 423 2623 motu
477 2582 727 2634 movetur,
781 2575 866 2623 sed
914 2573 1324 2637 quemadmodum
1374 2575 1614 2623 interdum
1664 2581 1712 2624 et
1761 2578 1997 2624 nominari
2049 2577 2174 2629 solet
2226 2579 2387 2640 trivia,

136 2647 281 2697 simul
320 2649 370 2695 in
408 2647 605 2710 longum
646 2655 867 2696 movetur
904 2649 995 2696 sub
1034 2648 1235 2696 zodiaco
1276 2654 1323 2695 et
1360 2648 1410 2695 in
1448 2647 1599 2696 latum
1643 2655 1689 2697 et
1727 2651 1774 2696 in
1815 2649 1992 2711 altum3
2034 2665 2239 2713 quorum
2277 2659 2388 2701 mo-

24 2738 43 2797 g
74 2731 95 2746 ³
132 2726 270 2769 tuum
307 2723 512 2783 primum
551 2721 746 2784 quidem
786 2723 1035 2770 circuitum
1075 2721 1364 2784 appellitant
1402 2721 1752 2781 mathematici,
1794 2723 1998 2771 alterum
2041 2723 2260 2773 volutum
2299 2739 2386 2774 seu

25 2796 29 2815 ¹
65 2802 76 2812 ⁴
123 2785 536 2856 obliquationem,
576 2798 783 2853 tertium,
824 2797 1004 2845 nescio*
1028 2810 1126 2856 qua
1164 2796 1366 2855 ratione,
1407 2795 1821 2858 inaequalitatem,
1863 2811 1970 2844 cum
2009 2796 2195 2847 nullum
2223 2812 2281 2846 ex
2308 2797 2386 2846 his

26 2868 74 2896 ⁸⁸
134 2865 334 2917 videant
383 2867 515 2915 illam
563 2867 741 2916 habere
795 2868 1102 2930 aequabilem
1155 2868 1524 2930 ordinatumque
1567 2870 1969 2918 restitutionibus,
2033 2868 2188 2932 Igitur
2224 2872 2267 2919 si
2306 2869 2383 2919 leo

28 2991 29 2998 χ
79 2979 82 2982 .
133 2940 309 3002 aliquis
327 2936 398 3007 77)
438 2955 470 2989 a
506 2947 666 2989 motus
705 2942 886 3003 impetu
927 2941 1107 2991 decidit
1142 2942 1190 2988 in
1219 2940 1625 3004 Peloponnesum,
1668 2941 1865 3004 dignum
1905 2942 1952 2989 id
1992 2943 2186 3004 quidem
2227 2942 2385 2991 admi-

133 3015 320 3062 ratione
358 3014 526 3073 suerit,
576 3013 706 3062 haud
746 3020 906 3063 tamen
958 3015 1194 3077 perpetim
1242 3012 1465 3070 videmus
1516 3015 1728 3063 infinitas
1774 3015 2052 3077 hujusmodi
2099 3017 2385 3064 incidentias

54 3102 89 3158 ᾗ
124 3086 344 3134 -virorum
383 3087 792 3149 excussionesque
844 3087 1015 3147 boum,
1067 3095 1301 3150 tanquam
1340 3086 1473 3135 illinc
1511 3087 1573 3135 ad
1612 3103 1700 3136 nos
1748 3091 2057 3150 proturbatos
2096 3095 2144 3137 et
2182 3096 2383 3138 rotatos.

30 3195 33 3210 2
129 3157 221 3208 Est
258 3158 702 3236 enim,4.ridieq}9m,
756 3159 815 3207 de
866 3159 1167 3223 habitatione
1219 3162 1536 3208 animantium
1583 3162 1629 3207 in
1670 3161 1811 3209 Luna
1861 3175 2106 3222 quaerere,
2147 3163 2187 3209 si
2226 3176 2384 3224 neque

32 3223 35 3236 λ
226 3233 270 3282 ci
307 3226 740 3298 ibfss-nqquer'ffitare
778 3239 999 3294 possunt.
1076 3233 1197 3281 Cum
1236 3234 1363 3281 enim
1404 3232 1634 3295 Aegyptii
1674 3241 1722 3281 et
1752 3233 2078 3293 Trogloditae‚
2121 3234 2296 3295 quibus
2336 3237 2384 3281 in

209 3305 242 3370 i:
304 3327 311 3337 ·
356 3297 600 3371 ‘ebtjnius
638 3311 884 3358 momento
921 3304 1148 3356 statuitur
1177 3305 1262 3354 Sol
1301 3307 1347 3352 in
1389 3308 1566 3354 vertice
1606 3305 1943 3354 solstitialibus
1983 3305 2153 3354 diebus
2193 3309 2385 3354 statim-

136 3389 243 3440 que·
285 3371 291 3379 ⁴
363 3368 505 3426 diti
589 3392 676 3437 pm,
715 3382 903 3426 tantum
941 3391 1036 3425 non
1078 3385 1337 3426 exurantur
1376 3379 1437 3425 ob
1476 3377 1746 3426 ariditatem
1788 3381 1911 3426 aeris
1939 3379 2238 3427 circumfusi:
2279 3394 2385 3430 cre-

35 3466 37 3477 *
132 3448 287 3499 dibile
324 3447 521 3511 erin-uti
559 3448 644 3509 fle,
682 3450 889 3513 eosqui
942 3451 991 3498 in
1029 3450 1171 3498 Luna
1206 3456 1320 3498 sunt
1371 3450 1624 3499 duodecim
1675 3465 1801 3499 anno
1842 3453 2016 3511 quovis
2057 3444 2267 3502 aestates
2306 3460 2385 3502 to-

88 3547 93 3550 ·
137 3521 308 3581 letare,
350 3521 699 3584 cumz'singulis
735 3522 984 3578 mensibus
1021 3522 1107 3571 Sol
1147 3524 1264 3584 ipsis
1304 3521 1389 3569 fiat
1426 3523 1670 3571 verticalis
1710 3530 1758 3572 et
1790 3525 2101 3573 stationarius
2140 3527 2186 3572 in
2226 3525 2385 3589 pleni—

0 3622 1 3640 ι
49 3623 53 3628 -
139 3591 380 3659 lunio‘ffi).
458 3593 597 3643 Certe
644 3598 702 3644 ut
730 3584 907 3645 ventos
947 3594 1015 3643 ibi
1054 3601 1103 3643 et
1139 3595 1292 3642 nubes
1343 3602 1389 3643 et
1427 3594 1643 3657 pluvias,
1693 3597 1797 3644 siue
1836 3597 2012 3658 quibus
2052 3597 2185 3646 nulla
2224 3605 2385 3662 potest

141 3681 247 3717 esse
284 3668 509 3716 fruticum
547 3666 819 3728 generatio,
858 3666 1017 3726 nulla,
1059 3670 1148 3716 etsi
1187 3675 1460 3723 nascantur,
1503 3671 1834 3729 conservatio,
1873 3671 2013 3719 nobis
2053 3672 2381 3734 imaginemur,

91 3771 93 3773 -
137 3738 256 3789 illud
308 3747 470 3790 tamen
518 3739 652 3788 nulla
696 3747 799 3788 arte
842 3742 1071 3802 consequi
1117 3755 1401 3803 possumus,
1453 3748 1505 3787 ut
1541 3740 1820 3802 hujusmodi
1869 3742 2054 3806 aliquid
2101 3745 2383 3808 coaguletur

139 3825 228 3875 per
270 3811 482 3864 calorem
530 3819 578 3860 et
624 3815 909 3861 tenuitatem
961 3823 1221 3863 extremam
1271 3814 1542 3862 circumfusi
1582 3814 1720 3863 acris,
1795 3815 1921 3863 Nam
1959 3829 2020 3867 ne
2070 3816 2148 3866 hic
2186 3819 2380 3881 quidem

135 3890 380 3937 *montana
412 3886 704 3951 praecipuae
742 3885 1012 3936 altitudinis
1050 3889 1266 3937 sentiunt
1301 3887 1532 3936 adversas
1570 3886 1679 3937 illas
1718 3892 1767 3938 et
1804 3890 2011 3939 immites
2047 3890 2257 3954 pluvias,
2296 3890 2382 3941 sed

42 4037 46 4088 L
56 4044 153 4088 rii-¹
