2652 4088
307 179 413 237 174
672 168 677 172 ’
895 177 1179 224 Collectanea
1209 191 1265 223 ex
1296 177 1526 224 codicibus
1556 177 1947 224 Pulkoviensibus.

302 336 349 377 et
390 330 517 376 203:
570 333 621 375 at
658 327 841 376 faciunt
883 333 1072 377 11977.
1149 325 1265 375 Jam
1307 331 1399 375 57:
1453 333 1526 375 est
1575 326 1761 390 triplex.
1837 325 1953 376 Jam
1995 330 2149 376 53et
2190 332 2324 376 219:
2378 333 2430 376 at
2467 327 2547 377 bic
2638 340 2649 351 ⁴

300 400 486 462 triplex.
568 404 630 449 53
674 407 722 448 et
763 406 860 450 229
902 402 1085 449 faciunt
1127 404 1316 448 12137.
1393 398 1508 447 Jam
1549 406 1612 449 47
1655 397 1842 447 dividat
1872 404 2072 448 12037:
2107 402 2311 449 veniunt
2352 401 2544 465 256†.

297 473 412 521 Jam
453 478 517 521 43
560 487 668 520 cum
708 477 838 522 259:
877 474 1060 521 faciunt
1103 478 1303 531 111373
1358 486 1465 519 cum
1508 478 1636 521 269:
1677 473 1861 519 faciunt
1900 476 2098 534 115673
2139 487 2247 521 cum
2296 478 2428 522 279:
2469 473 2548 521 hic

299 545 487 607 triplex,
552 544 666 593 Jam
696 551 756 594 41
801 561 906 594 cum
949 550 1047 595 287
1089 546 1204 593 facit
1247 550 1448 606 117673
1490 559 1600 594 cum
1640 548 1772 593 297:
1813 545 1866 591 fit
1897 550 2087 594 12177.
2149 545 2264 594 Jam
2311 551 2375 594 37
2417 546 2548 593 divi-

300 617 382 665 dat
436 618 634 666 12037:
690 619 849 681 prodit
899 620 1107 680 325÷3
1166 617 1354 666 dividat
1395 623 1487 666 31:
1539 618 1701 681 prodit
1741 622 1842 666 388
1865 616 1960 684 —{-;
2011 618 2200 667 dividat
2242 623 2337 667 29:
2390 617 2552 681 prodit

301 692 502 749 4154:
546 697 615 739 est
652 707 768 754 erqo
804 694 1017 754 primu&

730 955 1146 1012 Dispositiones
1185 955 1599 1003 Geometricae.
1650 958 1862 1013 (DisJecta
1891 958 2115 1013 membra.)

467 1051 661 1115 Duplex
703 1059 776 1101 est
813 1054 1038 1112 scientia,
1078 1053 1231 1103 altera
1269 1054 1676 1116 magnitudinum,
1715 1052 1928 1116 petenda
1967 1069 2024 1103 ex
2069 1054 2361 1114 Aristotele3
2402 1069 2550 1117 quor-

295 1140 401 1174 sum
439 1127 649 1189 pertinet
686 1125 867 1174 infinite
908 1128 1075 1187 secari,
1116 1133 1270 1175 totum
1310 1133 1445 1189 parte
1483 1128 1642 1189 majus
1683 1134 1731 1174 et
1767 1127 1961 1175 similia.
2028 1127 2165 1176 Haec
2205 1127 2403 1189 quidem
2443 1142 2553 1176 ma·
2637 1150 2643 1164 ·

297 1201 430 1247 teria.
508 1198 565 1245 In
605 1198 775 1247 eadem
814 1213 928 1246 vero
969 1201 1172 1248 scientia
1210 1199 1576 1263 investigandae
1605 1201 1806 1263 species,
1847 1200 1993 1260 linea,
2036 1200 2332 1263 superficies,
2375 1215 2551 1263 corpus

297 1286 406 1320 cum
444 1273 659 1320 terminis
698 1278 745 1320 et
783 1285 929 1319 causa
968 1273 1127 1321 danda
1164 1273 1472 1335 perfectionis
1513 1276 1743 1336 corporis0
1807 1271 1922 1321 Jam
1961 1273 2378 1336 magnitudinibus
2418 1275 2550 1323 acci·
2616 1214 2652 1324 4

296 1345 366 1392 dit
402 1359 644 1404 numerus,
686 1352 922 1407 quatenus
963 1360 1021 1393 ex
1062 1361 1156 1394 una
1194 1347 1374 1394 multae
1413 1346 1550 1397 fiunt.
1617 1345 1901 1395 Cavendum
1951 1346 2008 1395 de
2049 1348 2279 1407 trinitate,
2320 1361 2549 1395 numerus
2627 1351 2630 1355 ’

302 1432 555 1466 commune
594 1419 832 1466 accidens,
884 1417 1025 1466 Mens
1051 1425 1214 1466 nostra
1243 1419 1413 1467 artifex
1441 1419 1579 1467 affert
1617 1433 1885 1480 numerum,
1925 1434 2061 1468 mens
2102 1419 2285 1479 divina,
2327 1433 2555 1468 numerus

307 1493 454 1554 igitur
492 1491 686 1539 divinus
726 1499 772 1539 et
810 1505 958 1553 supra
994 1492 1351 1554 magnitudines
1391 1499 1439 1540 et
1476 1492 1612 1554 infra,
1654 1506 1768 1555 ergo
1809 1493 1855 1538 in
1897 1491 2004 1540 Deo
2045 1491 2336 1541 essentialis

474 1563 592 1612 Jam
645 1578 769 1626 quae
822 1564 1026 1612 sormam
1066 1567 1206 1627 quasi
1258 1565 1647 1626 magnitudinum
1686 1563 2044 1628 complectitur,
2100 1573 2172 1614 est
2212 1567 2416 1614 scientia
2454 1578 2552 1613 non

298 1638 652 1699 quantitatum,
705 1636 790 1686 sed
836 1639 1159 1700 proportionis
1213 1640 1538 1700 quantitatum
1591 1637 1670 1688 vel
1716 1640 2161 1701 comparationum,
2219 1638 2298 1687 vel
2346 1640 2569 1695 scientia,

295 1710 606 1772 comparandi
660 1712 970 1772 quantitates.
1047 1709 1099 1759 Si
1138 1718 1374 1773 cognatae
1421 1718 1534 1758 sunt
1572 1712 1892 1774 quantitateS‚
1946 1714 2150 1760 scientia
2201 1718 2304 1771 est,
2358 1713 2403 1759 si
2454 1725 2551 1759 non

295 1789 559 1844 cognatae,
610 1788 662 1830 ut
702 1797 808 1831 cum
850 1784 1023 1831 obvius
1062 1798 1290 1833 numerus
1327 1786 1611 1843 assumitur,
1663 1799 1740 1833 ars
1780 1783 1846 1835 fit.
1923 1784 2166 1847 Cognatio
2209 1783 2412 1847 duplex:
2467 1790 2553 1832 aut

295 1869 472 1916 eorum,
515 1870 640 1917 quae
680 1863 792 1904 sunt
817 1859 972 1916 uniuS,
1014 1864 1099 1905 aut
1124 1856 1369 1916 similium,
1412 1871 1537 1919 quae
1565 1856 1794 1919 aliqualis
1823 1863 1896 1904 est
1926 1859 2102 1906 unitae.
2151 1857 2359 1905 Videtur
2387 1862 2550 1905 autem
2636 1868 2642 1878 ·

293 1943 369 1976 ars
407 1935 655 1991 praeterea
694 1932 877 1978 versari
905 1931 1032 1977 circa
1058 1932 1234 1988 omnia,
1276 1930 1355 1978 vel
1394 1937 1521 1978 certe
1548 1931 1674 1979 circa
1702 1929 1856 1992 plura,
1898 1931 2104 1978 scientia
2144 1932 2271 1979 circa
2311 1929 2550 1980 ordinata.

294 2000 685 2063 Magnitudinum
723 2002 937 2051 infinitae
976 2009 1110 2064 sunt,
1152 2005 1297 2065 igitur
1336 2001 1588 2052 ordinatae
1627 2004 1834 2051 subsunt
1871 2004 2121 2053 scientiae.
2201 2001 2549 2052 Ordinatarum

295 2089 482 2123 rursum
521 2074 755 2125 infinitae.
831 2074 1087 2135 Quomodo
1126 2076 1205 2124 hic
1242 2076 1305 2124 ad
1343 2075 1486 2124 finem
1533 2075 1913 2138 perveniemus?
1976 2075 2074 2124 Vix
2113 2076 2280 2140 aliter,
2333 2091 2479 2139 quam
2519 2091 2550 2125 a

292 2149 458 2211 primis
485 2147 759 2211 incipiendo
786 2155 834 2197 et
857 2162 914 2197 eo
942 2163 1094 2211 usque
1119 2148 1472 2212 progrediendo
1500 2149 1661 2211 quoad
1687 2163 1967 2214 possumuS,
1992 2155 2076 2197 aut
2101 2147 2339 2198 sumendo
2366 2149 2549 2212 spbae-
2620 2147 2639 2220 f

295 2222 395 2269 rica
434 2234 633 2284 corpora
671 2228 718 2269 et
757 2236 882 2284 quae
923 2221 985 2269 ad
1023 2221 1107 2270 illa
1145 2223 1402 2285 pertinent,
1442 2221 1629 2285 reliqua
1668 2221 1953 2270 omittendo.
2007 2222 2072 2270 At
2111 2237 2198 2270 nec
2238 2222 2285 2269 in
2329 2223 2546 2285 corpori·
2630 2263 2649 2277 „

292 2294 382 2342 bus
422 2293 617 2343 finitio?
674 2293 778 2343 Imo
818 2294 994 2356 finiti03
1034 2297 1241 2357 primum
1279 2295 1547 2357 regularia,
1588 2302 1700 2359 post
1729 2294 2064 2344 Archimedes.
2144 2295 2268 2344 Nam
2307 2294 2408 2343 alia
2447 2309 2542 2343 non
2623 2352 2626 2361 Α

295 2373 407 2415 sunt
446 2380 600 2430 aeque
640 2367 826 2416 nobilia
862 2382 919 2416 ac
946 2368 1282 2428 Archimedea,
1326 2383 1451 2431 quae
1490 2382 1585 2416 non
1626 2368 1850 2417 dividunt
1888 2367 2146 2431 sphaeram
2182 2369 2360 2431 planis.
2419 2366 2548 2430 Quid
2618 2388 2629 2425 2

296 2440 335 2488 si
374 2455 458 2503 per
497 2454 637 2489 omne
674 2455 826 2503 genus
866 2440 1159 2490 infinitorum
1200 2449 1337 2490 eatur
1375 2442 1676 2504 excerpendo
1715 2440 2032 2503 notabiliora,
2085 2448 2137 2490 ut
2182 2442 2252 2489 sic
2302 2441 2423 2488 nihil
2462 2454 2551 2489 nos

296 2513 533 2576 effugiat?
599 2513 909 2576 Comparatio
950 2516 1104 2562 omnis
1143 2514 1298 2563 tendit
1336 2514 1398 2562 ad
1438 2514 1785 2576 aequalitatem
1825 2520 1909 2562 aut
1954 2514 2114 2576 longi,
2166 2519 2251 2562 aut
2299 2513 2416 2574 lati,
2466 2519 2551 2562 aut
2619 2520 2621 2522 ’

297 2586 538 2648 profundi,
578 2593 662 2634 aut
687 2586 966 2649 simpliciter
990 2594 1074 2635 aut
1100 2603 1185 2650 per
1212 2602 1477 2648 numerum,
1508 2594 1592 2635 aut
1617 2586 1848 2634 similium
1874 2594 1958 2635 aut
1983 2586 2305 2635 dissimilium.
2348 2585 2548 2649 Simpli-

298 2661 433 2719 citer,
473 2666 526 2706 ut
563 2662 605 2707 si
643 2659 771 2707 linea
808 2659 981 2720 lineae,
1022 2661 1229 2722 angulus
1269 2660 1463 2722 angulo,
1505 2659 1785 2722 superficies
1812 2659 2098 2722 superficiei,
2141 2673 2315 2723 corpus
2343 2661 2547 2722 corpori,

295 2734 542 2795 proportio
581 2734 880 2795 proportioni
905 2734 968 2780 sit
994 2734 1243 2795 aequalis3
1282 2748 1368 2795 per
1392 2748 1660 2793 numerum,
1700 2740 1754 2780 ut
1791 2734 1831 2780 si
1861 2731 2074 2795 duplum,
2116 2734 2199 2781 ubi
2235 2733 2360 2781 idern
2389 2739 2548 2781 certae
2614 2752 2626 2778 a

293 2807 419 2868 parti
456 2805 675 2867 aequale.
739 2805 928 2866 Similia
967 2813 1079 2853 sunt
1118 2805 1198 2854 vel
1238 2820 1441 2868 corpora
1479 2805 1558 2854 vel
1596 2805 1891 2868 superficieS,
1933 2810 1981 2853 et
2020 2820 2184 2854 omnes
2224 2806 2380 2855 lineae
2419 2806 2549 2852 invi-

299 2893 402 2927 cem
442 2892 705 2940 omnesque
744 2878 911 2940 anguli
949 2879 1174 2927 invicem.
1238 2876 1332 2927 Ubi
1373 2878 1730 2941 simplicissima
1769 2883 1842 2926 est
1879 2878 2033 2926 forma
2070 2880 2318 2928 scientiae.
2383 2878 2546 2925 Dissi-

295 2951 495 3013 milium,
535 2958 588 3000 ut
626 2953 666 2999 si
705 2952 993 3014 quadratum
1035 2951 1246 3013 oblongo
1286 2958 1371 2999 aut
1408 2950 1649 3013 triangulo
1689 2958 1774 2999 aut
1810 2950 2010 2999 lunulae
2049 2951 2254 3014 aequale
2294 2957 2378 3000 aut
2419 2951 2544 3013 dup-
2645 2938 2652 3001 l

297 3024 412 3085 lum,
452 3027 521 3073 ita
559 3025 711 3073 cubus
749 3030 927 3087 aequet
963 3024 1217 3088 pyramida
1253 3032 1302 3072 et
1341 3024 1632 3084 octaedrum,
1674 3024 1758 3071 ubi
1800 3023 1895 3071 duo
1936 3025 2058 3072 inter
2095 3039 2147 3073 se
2176 3024 2431 3072 dissimilia
2457 3037 2548 3072 ae-

296 3104 448 3160 quant
484 3099 676 3147 tertium
716 3099 776 3146 ab
816 3105 1022 3159 utroque
1062 3096 1322 3157 dissimile,
1363 3099 1446 3160 qui
1484 3099 1631 3145 etiam
1668 3095 1929 3159 peculiaris
1967 3095 2140 3145 modus
2181 3104 2267 3146 est.
2298 3125 2361 3132 —-
2390 3096 2546 3144 Nota:
2588 3140 2621 3147 ,,

298 3170 517 3220 Circulus
558 3177 631 3220 est
667 3171 862 3234 quidem
900 3169 1120 3233 aequalis
1158 3169 1415 3232 triangu10,
1454 3169 1540 3218 sed
1578 3169 1707 3217 linea
1746 3184 1896 3217 curva
1935 3184 2043 3218 cum
2081 3176 2228 3231 recta,
2269 3168 2549 3233 superficies
2569 3147 2641 3264 ἕ

298 3258 447 3292 curva
496 3259 604 3293 cum
651 3252 782 3292 recta
830 3248 937 3292 non*
980 3250 1301 3307 comparatur.
1376 3242 1540 3305 Majus
1579 3241 1774 3304 quidem
1825 3241 1968 3290 datur
2006 3249 2054 3291 et
2091 3245 2275 3302 mium,
2328 3241 2457 3290 unde
2497 3246 2545 3290 et

295 3316 518 3379 aequale,
559 3318 644 3366 sed
681 3316 801 3365 illud
840 3317 1046 3379 aequale
1084 3318 1210 3380 fugit
1246 3317 1498 3382 scientiam
1524 3315 1762 3376 hominis3
1804 3329 1916 3363 nam
1955 3315 2125 3363 infiniti
2166 3314 2300 3363 nulla
2325 3315 2544 3365 scientia.

294 3388 493 3439 Habent
543 3397 706 3439 autem
754 3390 944 3438 infinita
981 3390 1155 3451 latera,
1209 3395 1256 3438 et
1291 3404 1377 3452 per
1413 3389 1567 3437 latera
1604 3387 1657 3435 fit
1695 3390 1940 3450 aequati0.
2016 3387 2098 3437 Sic
2135 3387 2306 3437 scibile
2347 3386 2544 3451 quidem

296 3469 394 3523 est,
434 3462 519 3512 sed
557 3478 653 3511 non
690 3478 776 3526 per
813 3462 1009 3511 modum
1047 3462 1248 3522 sciendi,
1286 3476 1383 3510 non
1420 3462 1567 3510 habet
1592 3475 1639 3508 n.
1667 3461 1715 3506 in
1741 3475 1831 3508 sua
1857 3462 2068 3509 essentia
2104 3460 2302 3509 modum
2340 3459 2540 3510 sciendi.

299 3534 355 3582 In
393 3535 698 3597 procedendo
725 3545 904 3597 autem,
945 3542 999 3583 ut
1023 3536 1142 3583 nihil
1167 3536 1481 3597 relinquatur,
1520 3534 1732 3581 maxima
1757 3540 1830 3581 est
1858 3532 2134 3585 difficultas
2197 3533 2407 3582 Videtur
2431 3545 2542 3596 pars

298 3606 512 3657 definitio
552 3610 893 3671 subjectorum,
934 3608 996 3657 ad
1021 3623 1168 3671 quam
1205 3609 1414 3672 pertinet
1451 3608 1596 3656 etiam
1635 3607 1845 3668 cognitio
1885 3606 2171 3669 angulorum
2199 3607 2247 3653 in
2279 3605 2537 3667 triangulo,
2589 3607 2603 3669 ,¹

297 3680 461 3742 ibique
501 3681 778 3731 adhibenda
814 3681 1005 3731 videtur
1044 3682 1143 3730 alia
1180 3680 1462 3741 methodus,
1511 3693 1657 3742 quam
1696 3680 1743 3726 in
1782 3679 2174 3742 proportionibus
2213 3677 2540 3726 instituendis.
2583 3671 2597 3752 ι’

297 3750 516 3801 Summa:
561 3754 795 3818 quidquid
832 3769 929 3802 non
968 3754 1202 3803 beneficio
1241 3754 1478 3818 sphaerici
1517 3754 1564 3799 in
1605 3765 1831 3814 corpora,
1873 3750 2038 3800 circuli
2077 3757 2162 3799 aut
2198 3763 2452 3814 corporum
2488 3751 2538 3795 in
2626 3757 2628 3761 ’

297 3825 587 3887 superficieS‚
627 3828 986 3891 superficierum
1024 3830 1074 3874 in
1111 3827 1266 3876 lineas
1306 3825 1551 3875 derivatur
1588 3823 1647 3872 de
1685 3826 2060 3887 proprietatibus
2099 3825 2448 3886 quantitatum,
2487 3819 2538 3868 id

296 3896 489 3948 videtur
524 3901 716 3949 nonnisi
753 3900 817 3949 ad
855 3899 1157 3949 definitiones
1195 3899 1406 3962 subjecti
1442 3897 1694 3963 pertinere.
1756 3894 1823 3945 Ut
1859 3898 1901 3945 si
1938 3912 1970 3946 a
2004 3895 2256 3960 sphaerico
2294 3907 2449 3960 usque
2471 3891 2535 3946 ad
2568 3892 2572 3902 '
