2652 4088
1040 169 1078 216 1.
1109 170 1442 218 Mathematica.
2258 165 2361 225 169

120 340 228 374 rum
264 324 531 390 gnomones
581 330 693 372 sunt
742 324 1034 387 quaternarii
1084 323 1250 372 ordine
1297 322 1604 386 multiplices
1680 321 1762 370 Sic
1800 322 2054 384 imparium
2103 318 2371 382 quadrato-

122 414 227 447 rum
268 404 528 462 augmenta
565 403 679 446 sunt
715 388 1010 463 multiplices
1037 396 1272 444 octonarii
1310 395 1420 460 plus
1444 398 1643 446 unitate.
1695 395 1818 443 Nam
1846 397 2027 457 primus
2055 401 2128 443 est
2158 398 2203 453 1,
2246 393 2370 441 alter

126 477 185 533 9·
236 473 534 521 differentiae
582 472 705 519 inter
747 476 790 530 1,
833 475 899 530 4,.·
923 473 951 518 9
1000 476 1113 518 sunt
1152 474 1198 529 3,
1243 472 1289 528 5,
1338 484 1527 518 summa
1567 474 1595 518 8
1636 474 1684 517 et
1728 469 1910 530 primus
1955 473 1978 515 1
2035 473 2147 515 sunt
2188 471 2246 530 9·
2300 466 2371 514 sic

123 547 248 594 inter
288 551 334 607 9,
377 549 443 595 25
483 550 596 592 sunt
638 548 719 592 16.
797 541 957 604 Quare
996 541 1283 605 compendio
1321 543 1604 604 investigari
1641 545 1847 604 possunt
1886 555 2028 590 casus
2066 542 2157 588 sic:

474 623 516 666 1.
666 621 712 664 9.
898 616 982 664 25.
1171 616 1253 663 49.
1439 619 1771 663 81.121

473 695 516 739 1.
666 694 715 739 3.
937 692 983 739 5
1207 693 1250 738 7
1474 689 1519 736 9.
1710 693 1768 735 11

577 764 713 821 4,5.
874 757 999 827 112,
1033 757 1619 828 13,12425.140,41.
1656 757 1782 826 160,
1813 764 1896 810 61,

34 828 40 835 ’
124 835 320 884 Scilicet
357 849 524 883 omnes
562 835 769 896 impares
806 839 1011 896 possunt
1049 833 1253 882 adscisci
1292 847 1378 895 pro
1418 834 1625 880 minimis
1665 833 1897 882 lateribus
1946 831 2090 894 hujus
2127 829 2371 893 trianguli.

126 908 342 957 Maxima
367 910 553 956 unitate
581 906 820 957 differunt.
885 907 1011 970 Ergo
1051 909 1199 955 series
1238 907 1474 953 minorum
1514 905 1649 953 talis.
1693 912 1740 954 3.
1821 909 1866 954 5.
1949 910 1994 954 7.
2072 909 2118 952 9.
2163 909 2245 955 11.
2291 909 2373 952 13.

471 978 655 1028 Eadem
695 994 762 1028 sc.
803 982 949 1030 series
989 986 1062 1028 est
1099 980 1366 1028 mediorum
1403 979 1622 1040 laterum,
1703 984 1746 1028 4.
1791 983 1869 1026 12.
1913 983 1997 1025 24.
2039 981 2121 1026 40.
2165 982 2248 1025 60.
2290 981 2372 1026 84.

472 1067 597 1115 quae
635 1066 930 1115 gnomonum
970 1055 1018 1100 in
1056 1055 1254 1116 paribus
1296 1052 1561 1114 quadratis,
1737 1053 1782 1100 8.
1866 1055 1947 1099 12.
1992 1055 2072 1097 16.
2117 1054 2198 1098 20.
2240 1055 2323 1098 24.

1806 1128 1837 1172 4
1951 1128 1981 1171 4
2075 1127 2106 1170 4
2201 1128 2231 1171 4

302 1197 381 1246 An
419 1198 755 1261 compendium
795 1200 999 1246 inveniri
1038 1199 1195 1260 possit
1233 1196 1544 1259 inquirendae
1582 1197 1758 1246 radicis
1800 1212 1856 1246 ex
1895 1195 2175 1259 gnomone?

299 1271 584 1334 Propositus
633 1272 839 1333 quilibet
877 1286 1128 1331 numerus,
1183 1271 1321 1332 cujus
1361 1276 1434 1318 est
1473 1270 1749 1333 quaerenda
1786 1269 1947 1328 radix,
1990 1274 2074 1316 aut
2113 1274 2185 1317 est
2221 1269 2376 1330 impar

27 1374 33 1376 >
124 1349 212 1392 aut
246 1358 347 1407 par.
414 1345 473 1392 Et
498 1346 538 1391 si
563 1347 731 1407 impar,
774 1351 859 1393 aut
885 1345 1033 1392 habet
1071 1351 1222 1392 totam
1250 1358 1486 1392 summam
1515 1345 1726 1391 omnium
1755 1342 2142 1391 antecedentium
2169 1355 2376 1404 gnomo-

128 1431 262 1475 num,
300 1422 384 1465 aut
423 1417 583 1466 deficit
621 1417 807 1480 aliquid
846 1417 1017 1466 ultimo
1056 1418 1303 1478 gnomoni.
1369 1415 1530 1478 Quare
1569 1419 1611 1464 si
1639 1416 1982 1478 compendiose
2009 1416 2176 1463 haberi
2208 1420 2374 1477 posset

83 1533 85 1539 .
129 1504 320 1539 summa
356 1505 671 1556 gnomonum,
708 1492 927 1554 proxime
953 1492 1108 1538 minor
1136 1497 1183 1539 et
1209 1491 1427 1553 proxime
1451 1491 1622 1553 maj0r,
1661 1491 1926 1553 perfectum
1954 1495 2083 1537 esset
2110 1490 2375 1551 negotium.

40 1595 43 1597 -
125 1562 204 1625 (Ia
243 1563 362 1611 aubi
402 1563 554 1627 vide.)

298 1635 414 1684 Jam
454 1636 721 1697 considera,
761 1651 821 1684 an
862 1651 958 1685 non
1000 1635 1206 1698 quilibet
1243 1649 1454 1698 gnomon
1496 1651 1645 1684 causa
1684 1638 1758 1684 sui
1801 1634 1980 1684 ordinis
2020 1633 2194 1698 prodat
2218 1635 2382 1682 statim

125 1722 264 1756 suam
303 1709 554 1758 radicem?
621 1709 846 1758 Gnomon
899 1716 1099 1773 quartus
1140 1715 1167 1758 9
1214 1715 1287 1758 est
1324 1709 1589 1771 quadratus
1628 1711 1812 1773 primus
1851 1711 2021 1772 impar,
2063 1707 2381 1756 duodecimus

126 1787 201 1830 est
238 1782 480 1832 secundus
518 1785 689 1846 impar.
730 1782 890 1833 Series
928 1796 1225 1846 gnomonum
1264 1782 1398 1831 talis:

731 1862 778 1905 3.
859 1859 905 1905 5.
985 1859 1031 1907 7
1110 1861 1155 1904 9.
1238 1861 1479 1907 11.1.3
1520 1855 1745 1916 RadiceS,

731 1931 776 1978 9.
820 1933 903 1981 25.
945 1934 1026 1978 49.
1070 1933 1155 1977 81
1201 1934 1317 1977 121.
1362 1933 1480 1981 169,
1520 1928 1772 1990 Quadrati,

733 2008 780 2051 4.
825 2008 910 2061 12.
952 2009 1035 2051 24.
1080 2008 1164 2051 40
1245 2007 1328 2051 60.
1407 2007 1489 2051 84.
1531 2001 1826 2064 Gnomones,

345 2076 638 2138 posteriores
680 2080 726 2123 4.
787 2079 833 2124 8,
888 2081 969 2124 12.
1029 2080 1108 2124 16.
1174 2081 1257 2124 20.
1334 2080 1422 2143 24.

733 2154 765 2197 4
843 2154 873 2197 4
977 2153 1006 2197 4
1121 2153 1151 2196 4
1292 2153 1321 2196 4

301 2220 525 2283 Exempli
566 2234 742 2269 causa:
798 2225 863 2270 25
906 2229 978 2270 est
1017 2221 1332 2270 duodecimus
1372 2235 1608 2284 gnomon,
1659 2221 1788 2284 quod
1837 2222 1980 2271 facile
2030 2220 2182 2270 videri
2222 2223 2384 2284 potest

58 2334 63 2341 .
128 2292 375 2342 deminuta
412 2295 598 2342 unitate
637 2304 684 2342 et
722 2295 902 2343 residui
943 2294 1140 2343 dimidio
1182 2301 1356 2342 sumto,
1411 2295 1530 2356 Ejus
1570 2295 1706 2343 radix
1744 2302 1818 2344 est
1857 2294 2071 2343 secunda
2108 2296 2382 2358 imparium.

125 2366 254 2415 Nota
294 2381 423 2429 erg0,
468 2366 599 2429 quod
639 2369 864 2429 quotiens
905 2368 1051 2418 debet
1076 2383 1285 2433 semper
1294 2367 1445 2416 dividi
1470 2382 1612 2431 posse
1639 2370 1686 2415 in
1717 2374 1762 2430 4,
1803 2370 1843 2416 si
1884 2373 2129 2416 assumtus
2169 2383 2381 2431 gnomon

129 2441 191 2488 sit
229 2440 511 2502 quadratus.

303 2513 476 2574 ltaque
517 2515 791 2575 quotientes
831 2513 998 2562 ordine
1049 2514 1193 2561 divisi
1232 2528 1316 2577 per
1357 2518 1386 2562 4
1427 2512 1544 2562 dant
1594 2514 1741 2562 talem
1780 2516 1977 2563 seriem.
2033 2520 2076 2572 1,
2120 2521 2166 2575 3,
2210 2520 2254 2576 6,
2302 2521 2382 2577 10,

64 2618 68 2623 ·
137 2590 216 2646 15,
262 2591 346 2644 21,
389 2586 505 2633 dant
544 2601 610 2634 sc.
651 2588 997 2648 trigonicorurn
1037 2589 1233 2645 seriem,
1285 2601 1487 2649 quorum
1530 2589 1827 2636 incrementa
1872 2594 1984 2635 sunt
2022 2590 2171 2637 series
2210 2604 2401 2638 nume-r

129 2672 291 2707 rorum
329 2658 581 2707 naturalis.
660 2660 786 2721 Ergo
827 2661 867 2708 si
907 2675 1119 2723 gnomon
1170 2660 1436 2722 quadratus
1476 2667 1571 2720 est,
1625 2660 1810 2709 divisus
1849 2662 2066 2724 proxime
2106 2663 2261 2710 minor
2300 2677 2385 2726 par

129 2746 212 2796 per
254 2733 313 2790 8,
365 2733 617 2780 constituit
653 2734 923 2795 trigonum,
976 2734 1115 2795 cujus
1159 2733 1288 2781 latus
1327 2732 1672 2796 duplicandum
1712 2742 1760 2782 et
1798 2742 1994 2783 auctum
2044 2737 2227 2783 unitate
2268 2736 2385 2784 facit
2425 2781 2428 2784 ,

42 2846 43 2863 2
130 2803 339 2854 radicem
380 2807 649 2866 gnomonis.
703 2804 768 2854 Ut
798 2812 928 2869 169;
973 2811 1071 2855 168
1101 2824 1112 2854 :
1145 2811 1172 2855 8
1204 2827 1267 2849 z
1298 2812 1381 2865 21,
1422 2808 1686 2868 trigonicus
1714 2807 1855 2868 index
1888 2813 1970 2867 21,
2011 2809 2148 2871 cujus
2176 2809 2305 2857 latus
2336 2815 2382 2868 6,

42 2901 45 2907 ·
130 2876 327 2941 duplum
366 2878 476 2941 plus
514 2880 701 2926 unitate
741 2886 816 2927 est
849 2884 909 2928 13
939 2879 1092 2929 radix.
1160 2880 1277 2927 Esto
1314 2879 1415 2941 jam
1461 2885 1585 2940 1613
1631 2886 1771 2929 160:
1802 2882 1829 2928 8
1861 2901 1918 2921 =
1953 2886 2034 2941 20,
2078 2883 2158 2944 qui
2187 2896 2281 2929 non
2312 2887 2384 2930 est

129 2953 408 3014 trigonicus.
461 2951 576 2998 Esto
609 2956 736 3012 1443
778 2951 809 3019 (z
829 2950 879 3017 8)
907 2974 969 2996 z
1006 2957 1086 3013 18,
1126 2955 1333 3014 quinon
1362 2957 1434 3001 est
1461 2954 1750 3014 trigonicus,
1791 2953 1876 3002 sed
1903 2953 2010 3002 loco
2029 2955 2212 3003 medio.
2266 2955 2383 3002 Esto

134 3029 261 3082 10ος
300 3023 331 3088 (ι
351 3022 402 3088 8)
439 3023 598 3087 prodit
642 3024 767 3091 121,
820 3026 902 3087 qui
941 3040 1037 3073 non
1077 3032 1151 3076 est
1189 3026 1481 3086 trigonicus‚
1523 3026 1609 3074 sed
1648 3026 1755 3075 loco
1796 3026 1973 3075 medio,
2050 3028 2230 3075 Totum
2269 3042 2383 3089 ergo

130 3096 384 3145 artificium
425 3098 643 3144 consistit
681 3099 729 3144 in
770 3098 844 3145 his
887 3103 915 3146 2
957 3098 1299 3161 problematis:
1354 3093 1409 3163 1)
1450 3099 1581 3146 Dato
1631 3099 1850 3161 quolibet
1899 3114 2098 3149 numero
2146 3100 2382 3161 judicare,

128 3171 251 3218 sitne
276 3171 540 3232 trigonicus
578 3169 768 3219 necne?
835 3166 893 3236 2)
935 3171 1064 3218 Dato
1094 3170 1314 3232 quolibet
1341 3172 1603 3232 trigonicO,
1643 3174 1859 3220 invenire
1898 3173 2044 3222 latus.
2111 3173 2382 3235 Trigonici:

167 3248 212 3300 1,
341 3247 388 3301 3,
504 3248 549 3300 6,
657 3248 901 3301 10.15‚
990 3249 1072 3302 21,
1153 3247 1235 3302 28,
1315 3248 1398 3301 36,
1478 3249 1559 3301 45,
1663 3248 1745 3303 55,
1845 3250 1927 3305 66,
2055 3250 2133 3303 78,
2263 3252 2323 3294 91

135 3319 273 3375 1.;1
306 3320 351 3363 1
382 3320 439 3375 33
469 3320 517 3363 2
548 3320 603 3375 3,
631 3320 676 3365 2
708 3321 762 3374 5;
794 3320 838 3364 3
873 3320 931 3375 5·
960 3320 1004 3366 3
1035 3321 1089 3375 73
1118 3319 1163 3363 4.
1197 3321 1251 3363 7:
1282 3319 1327 3363 4
1364 3320 1419 3374 93
1449 3318 2384 3379 5.9;5,11;6.11;6.13;7.13.

302 3387 424 3435 Cum
463 3401 576 3449 ergo
630 3389 785 3436 omnis
825 3388 1043 3448 trigonus
1084 3389 1148 3435 sit
1185 3387 1622 3448 semiquadratum,
1680 3391 1770 3437 crit
1809 3404 1924 3451 ergo
1966 3389 2169 3452 duplus,
2223 3394 2380 3441 minus

56 3480 57 3484 ¹
127 3473 224 3508 uno
262 3458 428 3517 latere,
470 3457 750 3521 quadratus.
831 3458 975 3519 Nota,
1030 3458 1159 3521 quod
1200 3473 1366 3507 omncs
1406 3462 1629 3521 trigonici
1669 3463 1889 3510 oriuntur
1927 3477 1957 3510 a
1994 3462 2228 3511 lateribus
2269 3480 2384 3529 pro-

130 3533 366 3596 portionis
405 3530 580 3595 duplae
620 3532 730 3594 pius
769 3530 847 3579 vel
889 3532 1044 3579 minus
1086 3533 1287 3579 unitate.
1353 3531 1536 3594 Nempe
1579 3533 1758 3595 singuli
1795 3535 1841 3580 in
1882 3537 2003 3583 serio
2042 3536 2250 3585 naturali
2290 3553 2384 3585 nu-

60 3631 75 3640 =
128 3619 367 3654 merorum
395 3611 559 3652 creant
586 3602 708 3651 duos
736 3605 1012 3666 trigonicos,
1055 3602 1139 3651 sed
1168 3617 1262 3651 non
1292 3604 1379 3666 ipsi
1422 3610 1474 3652 ut
1515 3606 1558 3651 b
1550 3620 1657 3653 uses
1697 3605 1886 3655 illorum
1914 3622 2060 3655 unum
2090 3623 2198 3658 cum
2233 3611 2381 3696 duplo

60 3674 63 3726 [
129 3680 285 3745 minus
330 3683 373 3737 1,
415 3674 619 3724 alterum
660 3691 767 3724 cum
807 3678 880 3723 sui
923 3675 1071 3740 duplo
1113 3675 1221 3738 plus
1267 3682 1310 3723 1.
1387 3676 1517 3725 Nota
1555 3676 1791 3741 amplius,
1834 3680 1963 3741 quod
2005 3690 2207 3743 quartus
2247 3686 2384 3746 quis-

130 3764 223 3812 que
262 3756 339 3799 est
375 3750 626 3798 novenarii
669 3747 919 3833 multiplex
961 3749 1069 3811 plus
1108 3762 1234 3806 uno,
1276 3748 1510 3810 interjecti
1551 3749 1653 3797 bini
1692 3758 1804 3799 sunt
1844 3756 2042 3802 ternarii
2080 3755 2384 3820 multiplices.

64 3869 67 3885 ,
130 3819 192 3870 Et
230 3821 426 3885 quidem
461 3822 756 3870 novenarius
811 3835 918 3869 curn
967 3820 1172 3883 singulis
1223 3822 1471 3881 trigonicis
1512 3821 1679 3872 ordine
1727 3824 1844 3875 facit
1886 3825 2137 3881 ulteriores
2178 3837 2386 3894 quatuor

65 3891 68 3925 ῑ
131 3907 376 3958 quosque:
442 3898 487 3953 1,
580 3895 626 3953 3,
706 3900 753 3953 6,
798 3899 878 3952 10,
961 3899 1040 3953 15,
1120 3899 1201 3953 21,
1281 3899 1363 3952 28,
1443 3900 1525 3953 36,
1607 3899 1672 3945 45

426 3964 513 4037 ‘1⁹6’
556 3968 639 4028 28,
683 3970 764 4028 55,
808 3972 889 4027 91,
934 3971 1052 4028 136,
1095 3972 1214 4027 190,
1255 3971 1375 4029 253,
1418 3971 1537 4028 325,
1581 3973 1698 4017 406.
