2652 4088
24 338 29 346 -
17 272 36 306 -e
0 235 2 255 ἡ
16 169 49 221 .ff,·
16 149 23 157 ·
0 0 50 137 ³4²3}

1050 155 1087 203 1.
1117 151 1451 204 Mathematica.
1511 203 1513 205 ,
2275 143 2389 207 185-

126 307 237 359 loco
274 314 387 372 post
422 308 691 372 regularia:
743 306 1275 370 cubododecaedricus,
1327 302 1796 367 tetratetraedrious,
1849 302 1933 367 qui
1979 301 2134 352 cubus
2187 304 2284 361 est,
2336 302 2385 348 et

126 382 646 432 icosidodecaedricus.
721 382 845 432 Sunt
879 396 1081 430 numero
1124 387 1171 441 7,
1210 381 1432 444 potentia
1471 385 1519 431 9.

300 456 375 503 Ex
413 458 688 505 concisione
725 456 898 504 horum
939 457 1178 514 omnium,
1230 454 1276 505 h.
1315 468 1357 503 e.
1396 452 1635 502 recisione
1674 448 1990 513 angulorum,
2043 461 2172 511 quae
2206 445 2262 495 fit
2297 458 2385 509 per

38 539 43 545 ·
127 529 448 577 bisoctionem
494 529 728 590 laterum,
779 530 999 578 oriuntur
1036 525 1516 590 quadrilaterangula
1556 530 1586 574 9
1626 523 1725 573 alia
1761 525 1816 570 in
1851 523 2092 585 potentia,
2147 519 2234 569 sed
2273 525 2386 568 actu

34 604 44 638 ὅ
126 607 315 650 tantum
342 607 403 653 ,4.
478 601 610 650 Ναηι
653 617 715 651 ex
763 601 1080 651 sociabilibus
1127 601 1256 648 binis
1303 613 1480 661 unum,
1533 612 1592 647 ex
1640 595 1882 646 tetrae‘dro
1934 593 2215 644 octae‘dronv
2289 591 2391 642 Sed

125 673 391 735 nobiliora,
443 689 570 737 quae
608 690 638 722 a
675 675 1004 736 regularibuS,
1054 674 1173 736 qnia
1216 672 1435 736 diplania
1484 677 1531 719 et
1581 668 2009 733 congenerilatera.
2086 665 2388 729 Ignobiliora

124 747 391 807 rhombica,
429 749 547 809 quia
583 747 812 811 triplania
848 754 898 797 et
935 745 1292 806 diversilatera,
1329 746 1419 794 ubi
1456 744 1570 793 cubi
1604 742 1714 792 loco
1741 742 1976 790 rhombici
2005 742 2194 792 censiti.
2253 739 2387 788 Con-

28 842 43 854 ·
124 821 277 868 cisum
317 826 391 868 est
426 821 624 868 mistum
652 822 890 870 cubicum.
957 819 1062 868 Illis
1101 833 1277 868 nomen
1317 819 1570 866 mistorum
1609 830 1666 865 ex
1705 816 2027 864 sociabilibus
2065 813 2170 861 dari
2206 818 2384 876 potest.

10 895 12 926 ³
40 933 45 935 >
125 890 357 955 Utrisque
382 906 556 941 nomen
585 900 660 942 est
685 896 1004 953 concisorum,
1045 905 1316 955 cognomen
1342 891 1409 939 ab.
1446 891 1649 952 origine.
1701 888 1902 937 Summa
1932 892 2013 949 13,
2051 887 2273 949 potentia
2304 889 2386 935 18.

296 965 370 1013 Ex
409 964 638 1028 diplaniis
678 969 895 1016 oriuntur
934 969 1095 1015 sima
1135 961 1678 1028 quinquelaterangula,
1717 962 1883 1010 recisis
1923 974 2018 1008 non
2045 969 2144 1007 una
2172 960 2386 1008 sectione

123 1037 316 1100 angulis
369 1051 576 1101 cumque
616 1044 645 1087 2
686 1040 784 1088 sint
821 1039 1038 1103 diplania
1087 1038 1201 1098 illa,
1254 1038 1432 1100 quibus
1472 1034 1735 1084 octaedron
1776 1035 2062 1083 associatur.
2138 1032 2209 1080 Ex
2249 1037 2388 1080 octa-

124 1111 240 1161 ‘e‘dro
280 1109 477 1174 quidem
514 1112 817 1161 icosae'dron.
894 1113 1068 1162 Cetera
1106 1113 1336 1160 amittunt
1370 1109 1535 1172 plana,
1578 1121 1705 1170 quae
1742 1108 1852 1156 loco
1892 1105 2180 1170 angulorum
2220 1118 2388 1154 acces-

123 1191 303 1244 serunt,
342 1186 706 1248 sortiunturque
746 1185 1075 1248 profundiora.
1150 1184 1353 1233 Summa
1390 1183 1562 1231 horum
1604 1184 1633 1230 9
1675 1181 1729 1228 in
1761 1182 2010 1244 potentia,
2061 1177 2148 1227 sed
2187 1184 2296 1227 actu
2340 1182 2386 1238 2,

126 1257 327 1307 Summa
370 1260 453 1306 15.

150 1391 154 1396 .
295 1330 371 1378 Ex
406 1329 648 1393 triplaniis
686 1331 956 1380 resectione
994 1330 1200 1386 sedium,
1241 1342 1369 1391 quae
1406 1327 1517 1376 loco
1556 1325 1848 1389 angulorum
1873 1329 2129 1384 venerant,
2171 1324 2389 1372 oriuntur

122 1410 292 1453 trunca
328 1404 422 1452 tria
458 1403 572 1463 alia,
611 1402 698 1452 sed
737 1404 834 1452 duo
873 1405 923 1451 in
960 1404 1202 1466 potentia·
1256 1401 1383 1450 Nam
1421 1398 1556 1463 quod
1593 1399 1669 1447 his
1711 1405 1994 1448 accensetur
2033 1397 2302 1460 diplanium
2330 1411 2390 1445 ex

20 1467 46 1493 ¹·
121 1477 264 1598 gabo,
304 1476 415 1525 loco
453 1476 645 1525 rhombi
681 1476 880 1538 habito,
937 1478 1209 1526 resectione
1247 1475 1437 1524 sedium
1476 1476 1628 1524 oritur
1668 1472 1874 1536 aliquod
1912 1474 2040 1520 intra
2077 1469 2388 1520 censendum.

21 1595 23 1611 ,
86 1568 90 1606 ;
158 1563 322 1598 umma
365 1554 447 1599 17.

293 1621 434 1672 Haec
474 1628 504 1672 2
544 1627 754 1685 possunt
790 1624 969 1672 rectius
1006 1619 1288 1671 immediate
1326 1618 1501 1669 deduci
1539 1633 1570 1668 a
1607 1633 1704 1667 sua
1739 1619 1952 1680 origine,
2004 1617 2089 1666 illa
2127 1631 2162 1666 a
2194 1616 2394 1679 regula-

123 1694 272 1757 ribus,
311 1695 437 1745 haec
474 1712 504 1745 a
541 1695 774 1756 rhombiS‚
815 1697 1083 1744 resectione
1109 1693 1398 1758 angulorum
1423 1692 1737 1756 profundiore
1764 1705 1910 1754 quam
1939 1706 2025 1754 per
2056 1691 2392 1739 bisectionem.

298 1768 374 1817 Ex
414 1773 443 1818 5
482 1769 790 1831 regularibus
829 1771 1102 1818 curtatione
1141 1767 1430 1830 angulorum
1469 1765 1584 1826 tali,
1637 1772 1690 1813 ut
1733 1770 1891 1814 sector
1930 1768 1978 1812 in
2028 1765 2177 1827 plano
2217 1769 2396 1827 aequet

123 1839 394 1902 residuum,
435 1844 652 1890 oriuntur
691 1847 719 1892 5
750 1848 903 1891 curta.
977 1842 1103 1891 Nam
1140 1841 1332 1890 rhombi
1370 1845 1619 1903 nequeunt
1658 1840 1857 1900 curtari,
1898 1838 2015 1886 fient
2055 1839 2180 1886 enim
2221 1843 2394 1886 octan-

129 1912 245 1976 gula
284 1916 684 1978 inaequiangula.

296 1988 424 2050 Ergo
463 1992 512 2037 in
566 2002 744 2053 genere
797 1993 910 2050 post
958 1993 1115 2037 ortum
1162 1987 1457 2051 regularium
1499 1991 1547 2034 et
1589 1984 1902 2034 rhomborum
1953 1984 2172 2047 sequitur
2220 1981 2396 2046 triplex

30 2107 31 2111 ,
118 2061 299 2109 sectio:
354 2058 411 2128 1)
452 2077 562 2111 cum
600 2064 755 2111 sectio
795 2063 1026 2126 pertingit
1065 2061 1129 2111 ad
1166 2060 1379 2111 medium
1417 2059 1613 2123 lateris3
1673 2054 1732 2125 2)
1773 2072 1881 2108 cum
1922 2071 2017 2107 non
2057 2057 2119 2107 ad
2159 2056 2396 2122 medium3

31 2169 34 2205 3
122 2129 182 2200 3)
221 2147 331 2182 cum
368 2135 502 2185 ultra
537 2135 766 2185 medium.

446 2423 688 2479 Composita
1200 2426 1411 2467 Generata
1881 2425 2075 2469 Exsecta.

118 2483 338 2524 anaria:
370 2483 670 2525 Dodecaiidron
702 2485 772 2541 (3)
1024 2487 1166 2528 Cubus
1199 2483 1269 2539 (1)
1634 2484 1886 2524 Tetraiidron
1919 2484 1979 2537 (2)

38 2579 39 2585 ,
121 2540 327 2582 Rhombi:
356 2542 788 2586 lcosidodeeasdrious
818 2543 878 2600 (7)
1024 2545 1377 2586 Ouboctaedrieus
1409 2541 1480 2599 (6)
1633 2543 2025 2584 Tetratetrasdricus
2057 2541 2231 2598 (cubus)
2261 2541 2333 2598 (1)

118 2599 392 2642 Secundum:
423 2602 671 2644 lcosaedron
702 2603 762 2658 (5)
1025 2603 1261 2648 Octaedron
1294 2601 1353 2658 (4)
1631 2602 1888 2643 Tetraiidron
1922 2602 1981 2656 (2)

1845 2704 1964 2744 Secta
1987 2718 2061 2746 seu
2077 2709 2269 2746 truncata
2284 2705 2396 2745 ultra

1906 2764 2046 2803 medin
2057 2777 2110 2805 m.

1265 2705 1392 2746 Secta
1427 2718 1501 2746 seu
1539 2709 1654 2746 curta
1683 2708 1794 2746 intra

1320 2764 1520 2807 medium.

1263 2867 1412 2908 Curtus
1445 2869 1575 2908 cubus
1609 2864 1709 2920 (12)

1262 2926 1435 2968 Ourtum
1456 2926 1680 2966 octaedrou
1702 2922 1790 2979 (13)

120 2730 352 2783 κρεώδη,
675 2706 852 2747 Concisa
882 2720 955 2757 seu
995 2712 1106 2747 secta
1135 2718 1224 2747 me-

732 2766 813 2806 diis
844 2768 1062 2809 lateribus.

1848 2868 2007 2908 Simnm
2030 2868 2396 2908 cuboctaedricum

1908 2925 2008 2981 (¹7)

1263 3029 1438 3070 Gurtum
1461 3029 1694 3068 tetraedron
1719 3026 1809 3079 (14)
1848 3029 2007 3070 simum
2026 3027 2304 3068 octaedricum
2324 3036 2399 3065 scu

1262 3088 1434 3128 Curcum
1457 3086 1678 3127 octaedron
1708 3083 1815 3139 (14),
1907 3086 2151 3126 ίεοεαόᾶτοῐι
2181 3082 2259 3139 (5)

121 2862 260 2904 Gubus
290 2862 352 2917 (1)
676 2866 1050 2910 Cuboctaiidricum
1127 2870 1223 2910 mis-

121 2921 354 2964 oaasdron
386 2921 446 2977 (4)
733 2931 822 2967 tum
853 2927 914 2981 (8)

120 3024 368 3066 Totnsdron
397 3023 459 3077 (2)
594 3052 597 3054 v
675 3030 1109 3070 Tetra-tetraiidricum
1126 3031 1224 3070 mis-

120 3082 374 3124 Tetraedron
403 3082 463 3138 (2)
736 3092 826 3127 tum
841 3099 914 3128 seu
926 3089 1224 3137 Octaiidronol)

1231 3167 1234 3207 Ι
1257 3188 1427 3227 Curtum
1441 3188 1761 3234 dodecaedronu
1771 3189 1810 3233 5)
1850 3189 2007 3228 Simnm
2027 3185 2400 3226 icosidodecaedri,

1261 3246 1433 3286 Cur-tum
1451 3246 1693 3286 icosaiidron
1710 3243 1813 3299 (16)
1907 3258 1999 3286 cum
2031 3243 2130 3300 (18)

121 3184 419 3226 nodecasdron
450 3184 510 3239 (3)
659 3188 1112 3228 Icosidodecae'dricum
1126 3189 1222 3227 mis-

121 3243 369 3286 leo-emron
398 3244 458 3297 (5)
735 3251 822 3286 tum
855 3245 916 3299 (9)

1848 3347 2036 3386 Truncus
2058 3346 2256 3387 rhombus
2278 3347 2401 3387 icosi-

1908 3404 2230 3444 dodeca'e’dricus
2261 3403 2361 3460 (19)

122 3343 336 3386 Rhombus
357 3346 638 3387 icosidodeca-
676 3346 875 3387 Concisus
907 3347 1102 3387 rhombus
1135 3348 1222 3386 ico-

178 3404 339 3445 ffissm
370 3403 429 3456 (7)
735 3399 1096 3445 είᾱοᾱοοαὸᾱέίουε
1115 3404 1204 3458 (10)
1260 3377 1488 3426 Irregulare
1517 3377 1705 3429 immus-

124 3533 339 3575 Rhombus
381 3538 639 3574 ‘andetra-
675 3503 877 3545 Concisus
891 3506 1089 3545 rhombus
1103 3483 1235 3545 tetra-i
1263 3505 1414 3545 Curtus
1447 3507 1644 3546 rhombus
1680 3511 1808 3547 tetra·
1848 3506 2036 3545 Truncus
2053 3506 2252 3549 rhombus
2267 3511 2395 3548 tetra-

183 3596 200 3603 ..
256 3595 264 3604 .
603 3591 609 3596 -
716 3563 996 3612 taramriam,
1029 3576 1101 3603 seu
1124 3538 1236 3603 mis-l
1322 3564 1598 3605 tetraedricus
1630 3576 1702 3605 seu
1735 3577 1807 3605 cu·
1906 3565 2176 3604 tetraiidricus
2207 3578 2279 3607 seu
2305 3579 2394 3607 cur-

181 3594 356 3634 ²⁴¹¹¹⁰¹¹⁸·
390 3592 621 3647 C⁰b⁰⁸(¹)
718 3627 805 3660 tum
829 3598 1238 3684 cub-octaedron(8)(
1321 3623 1399 3661 bus
1432 3615 1532 3677 (12)
1905 3627 1993 3661 tum
2027 3624 2247 3664 octaedron
2281 3623 2383 3679 (13)

122 3721 340 3765 Rhombus
381 3726 591 3764 cub-octa·
681 3721 882 3762 Concisus
908 3722 1104 3762 rhombus
1127 3724 1225 3762 cub·
1849 3726 2036 3767 Truncus
2067 3727 2273 3769 rhombus.
2297 3731 2396 3769 eub-

1265 3753 1491 3806 Irregulsro
1521 3755 1691 3806 penitus

183 3783 342 3823 edricus
375 3782 434 3836 (ὅ)
741 3780 998 3820 οοιαόᾶτῐουε
1031 3779 1118 3832 (11)
1907 3784 2167 3827 οοῐαὸᾱῐίωε
2199 3785 2313 3842 (20).

2373 3864 2400 3872 ι.-
