2652 4088
1035 1267 1355 1345 JOANNIS
1408 1268 1790 1346 KEPPLERI

601 1416 991 1522 δϋΜΝΙυΜ,
1055 1415 1229 1508 SIVE
1303 1414 1813 1507 ASTRONOMIA
1872 1414 2223 1510 LUNARIS.

456 1625 576 1675 Cum
603 1639 729 1674 anno
761 1625 916 1674 1608.
956 1624 1195 1673 ferverent
1236 1622 1436 1670 dissidia
1475 1626 1597 1671 inter
1636 1623 1805 1672 fratres
1833 1624 1954 1687 Imp.
1985 1622 2299 1686 Rudolphum
2326 1628 2372 1671 et
2399 1622 2533 1670 Mat-

281 1699 431 1747 thiam
471 1699 817 1759 Archiducem,
858 1711 1121 1758 eorumque
1167 1698 1384 1744 actiones
1424 1694 1572 1758 vulgo
1611 1695 1673 1743 ad
1714 1698 1936 1760 exempla
1971 1697 2199 1745 referrent
2238 1711 2295 1744 ex
2334 1696 2535 1743 historia

282 1771 549 1820 Bohemica
586 1772 763 1835 petita,
817 1785 907 1833 ego
957 1769 1154 1833 publica
1201 1769 1336 1829 vulgi
1379 1770 1655 1816 curiositate
1705 1771 1889 1818 excitus
1925 1769 1987 1818 ad
2027 1769 2290 1817 Bohemica
2329 1767 2535 1831 legenda

282 1846 495 1892 animum
545 1844 727 1908 appuli.
814 1843 1032 1906 Cumque
1084 1841 1360 1890 incidissem
1412 1843 1460 1888 in
1510 1841 1759 1890 historiam
1813 1843 2051 1891 Libussae
2115 1843 2374 1904 viraginis,
2432 1847 2533 1888 arte

284 1919 476 1978 magica
501 1916 927 1975 celebratissimae,
967 1916 1147 1963 factum
1178 1913 1388 1976 quadam
1417 1921 1574 1973 nocte,
1613 1921 1667 1961 ut
1693 1921 1802 1977 post
1829 1914 2286 1977 contemplationem
2325 1914 2532 1962 siderum

283 1996 330 2038 et
362 1990 528 2038 Lunae
566 1989 694 2039 lecto
734 1990 1029 2051 compositus
1055 1986 1202 2035 altius
1230 1986 1658 2047 obdormiscerem,
1700 1994 1845 2050 atque
1885 1988 2003 2036 mihi
2041 2003 2127 2050 per
2153 2002 2373 2035 somnum
2403 1988 2536 2035 visus

281 2077 388 2111 sum
425 2062 601 2111 librum
642 2077 700 2110 ex
739 2062 967 2109 nundinis
1006 2060 1209 2108 allatum
1248 2060 1508 2122 perlegere,
1551 2060 1688 2121 cujus
1726 2061 1805 2108 hic
1845 2068 1945 2110 erat
1986 2069 2149 2109 tenor:

460 2135 615 2197 „Mihi
657 2136 903 2182 Duracoto
929 2131 969 2200 ¹)
1009 2148 1184 2181 nomen
1224 2139 1318 2192 est,
1370 2135 1527 2195 patria
1567 2130 1871 2200 Islandia²)‚
1926 2149 2069 2196 quam
2117 2139 2306 2182 veteres
2346 2130 2536 2180 Thulen

282 2205 458 2268 dixere,
499 2216 652 2257 mater
690 2214 793 2255 erat
831 2205 1120 2255 Fiolxhildis
1139 2204 1203 2266 3)‚
1246 2220 1370 2267 quae
1409 2220 1561 2267 nuper
1599 2214 1789 2254 mortua
1807 2205 1874 2267 4),
1915 2205 2155 2255 scribendi
2194 2206 2309 2253 mihi
2350 2206 2537 2268 peperit

284 2280 546 2341 licentiam,
587 2282 726 2344 quus
763 2282 832 2328 rei
873 2278 1138 2342 cupiditate
1177 2278 1360 2341 pridem
1400 2281 1510 2326 arsi.
1588 2279 1716 2326 Dum
1758 2281 1959 2340 viveret,
2000 2280 2093 2327 hoc
2133 2279 2386 2340 diligenter
2424 2279 2536 2339 egit,
2608 2315 2612 2325 ,-

282 2368 344 2402 ne
383 2355 639 2403 scriberem
657 2350 721 2420 ⁵).
798 2353 1009 2402 Dicebat
1047 2353 1196 2412 enim,
1248 2351 1425 2399 multos
1465 2365 1570 2399 esse
1610 2353 1908 2414 perniciosos
1948 2367 2111 2400 osores
2151 2354 2325 2399 artium
2346 2347 2399 2415 ⁶),
2453 2352 2535 2412 qui
2615 2399 2617 2402 .

282 2425 413 2488 quod
462 2441 577 2488 prae
622 2426 916 2475 hebetudine
968 2427 1142 2473 mentis
1194 2438 1288 2471 non
1339 2426 1561 2486 capiunt,
1615 2424 1663 2471 id
1710 2425 2063 2474 calumnientur
2109 2425 2340 2487 legesque
2385 2423 2538 2486 figant

280 2499 539 2561 injuriosas
577 2499 789 2547 humano
828 2499 992 2560 generi
1009 2493 1077 2558 7);
1118 2497 1294 2559 quibus
1334 2511 1450 2545 sane
1488 2496 1676 2559 legibus
1717 2511 1812 2545 non
1848 2500 1992 2560 pauci
2031 2497 2245 2545 damnati
2263 2494 2310 2558 8)
2350 2496 2537 2544 Heclae

283 2572 596 2633 voraginibus
643 2573 819 2620 fuerint
872 2565 1163 2632 absorpti9).
1239 2568 1383 2630 Quod
1429 2583 1604 2617 nomen
1654 2576 1780 2618 esset
1825 2573 1949 2633 patri
1987 2585 2095 2619 meo
2119 2565 2202 2635 ¹⁰),
2256 2571 2363 2632 ipsa
2410 2584 2537 2618 nun-
2614 2591 2616 2595 ·

284 2659 429 2729 quam
470 2643 612 2703 dixit,
652 2646 942 2707 piscatorem
980 2643 1131 2691 fuisse
1170 2646 1219 2690 et
1256 2648 1450 2689 centum
1489 2644 1841 2705 quinquaginta
1879 2657 2114 2691 annorum
2160 2657 2325 2691 senem
2365 2641 2535 2691 deces-

284 2718 405 2766 sisse
443 2716 752 2802 perhibebat,
804 2731 880 2763 me
919 2716 1111 2763 tertium
1151 2716 1325 2763 aetatis
1364 2729 1542 2762 annum
1582 2722 1780 2777 agente,
1837 2730 1945 2764 cum
1994 2715 2075 2764 ille
2124 2718 2536 2796 septuagesimum

286 2789 394 2852 plus
434 2791 592 2837 minus
631 2803 808 2838 annum
849 2791 895 2836 in
936 2802 1025 2835 suo
1068 2788 1269 2835 vixisset
1305 2783 1724 2854 matrimonio¹¹).

454 2862 626 2909 Primis
677 2863 914 2924 pueritiae
977 2861 1115 2908 annis
1168 2866 1321 2908 mater
1373 2875 1448 2908 me
1498 2875 1643 2908 manu
1692 2860 1886 2909 trahens
1939 2861 2276 2924 interdumque
2321 2861 2534 2910 humeris
2616 2848 2619 2852 ’

285 2933 548 2983 sublevans
588 2935 752 2983 crebro
793 2933 1032 2982 adducere
1071 2938 1146 2981 est
1170 2933 1315 2981 solita
1354 2934 1401 2979 in
1427 2932 1685 2980 humiliora
1718 2933 1840 2996 juga
1864 2935 2042 2982 montis
2067 2930 2352 2997 Heclae¹²),
2392 2948 2536 2997 prae·
2606 2986 2611 2991 ,

284 3009 448 3055 sertim
490 3009 615 3056 circa
652 3007 826 3055 festum
866 3006 965 3053 divi
1003 3004 1236 3064 Joannis‚
1288 3005 1481 3067 quando
1522 3005 1605 3053 Sol
1645 3007 1759 3054 totis
1801 3009 1868 3055 24
1907 3006 2037 3055 horis
2076 3010 2367 3071 conspicuus
2403 3008 2533 3055 nocti

284 3079 470 3128 nullum
509 3080 739 3142 relinquit
776 3079 935 3127 locum
959 3074 1038 3141 l²³).
1114 3078 1229 3140 Ipsa
1276 3077 1452 3126 herbas
1490 3077 1748 3126 nonnullas
1798 3078 1965 3141 legens
2011 3079 2174 3128 multis
2221 3081 2535 3130 caeremoniis

287 3151 513 3215 domique
553 3148 856 3219 coquens14)
897 3150 1124 3200 sacculos
1154 3151 1409 3198 factitabat
1448 3165 1507 3198 ex
1544 3149 1754 3212 pellibus
1793 3153 2026 3214 caprinis,
2081 3167 2202 3214 quos
2241 3153 2432 3201 inflatos
2472 3150 2534 3200 ad
2624 3198 2626 3201 ,

283 3227 495 3274 vicinum
534 3232 726 3288 portum
763 3239 942 3274 venum
979 3225 1244 3286 importans
1289 3237 1376 3286 pro
1424 3225 1622 3271 navium
1672 3227 1888 3287 patronis
1911 3221 1982 3292 ¹⁵)
2035 3226 2217 3274 victum
2256 3226 2349 3275 hoc
2386 3231 2530 3289 pacto
2604 3291 2606 3293 Ι
2650 3229 2652 3233 ’

286 3299 606 3348 sustentabat.

460 3371 581 3419 Cum
632 3370 895 3432 aliquando
944 3384 1028 3432 per
1076 3369 1402 3417 curiositatem
1451 3369 1657 3416 rescisso
1697 3368 1919 3430 sacculo,
1972 3385 2115 3432 quem
2162 3377 2316 3420 mater
2366 3373 2534 3435 ignara

288 3441 546 3501 vendebat,
574 3443 832 3506 herbisque
860 3448 907 3492 et
932 3442 1093 3490 linteis
1119 3436 1198 3501 16),
1237 3455 1360 3503 quae
1386 3455 1478 3489 acu
1503 3443 1636 3503 picta
1660 3443 1822 3490 varios
1853 3443 2188 3504 praeferebant
2216 3444 2530 3505 characteres,
2607 3453 2609 3458 '

289 3514 564 3576 explicatis,
602 3517 758 3578 ipsam
796 3516 888 3564 hoc
926 3514 1103 3563 lucello
1141 3513 1466 3562 fraudassem:
1519 3519 1674 3562 mater
1709 3515 1781 3562 ira
1818 3529 2052 3565 succensa
2089 3531 2165 3566 me
2203 3517 2312 3566 loco
2351 3517 2530 3566 sacculi

287 3587 514 3636 nauclero
552 3589 799 3651 proprium
836 3587 1037 3648 addixit,
1078 3592 1132 3634 ut
1168 3588 1275 3649 ipsa
1311 3587 1565 3649 pecuniam
1605 3588 1844 3636 retineret.
1922 3589 2083 3650 Atque
2122 3591 2164 3638 is
2200 3589 2433 3652 postridie
2471 3604 2531 3638 ex

290 3661 535 3721 insperato
563 3661 758 3709 solvens
785 3676 810 3710 e
837 3666 994 3723 portu,
1035 3658 1247 3709 secundo
1287 3665 1432 3707 vento
1472 3660 1613 3721 quasi
1637 3659 1822 3722 Bergas
1847 3659 2166 3724 Nordwegiae
2193 3657 2459 3711 tendebat¹
2466 3658 2529 3729 ⁷.)

286 3730 409 3779 Post
452 3731 640 3793 aliquot
693 3733 795 3782 dies
847 3735 995 3782 borea
1040 3739 1264 3794 surgente
1288 3727 1358 3799 ιΒ)
1410 3733 1534 3780 inter
1582 3730 1922 3794 Nordwegiam
1971 3741 2019 3782 et
2065 3735 2291 3798 Angliam
2341 3734 2530 3784 delatus

289 3803 498 3852 Daniam
534 3806 674 3866 petiit
710 3806 980 3868 fretumque
1030 3819 1281 3866 emensae,
1329 3819 1436 3853 cum
1482 3803 1682 3852 haberet
1726 3804 1891 3853 literas
1937 3809 2153 3871 episcopi
2203 3807 2425 3855 islandici
2449 3803 2528 3871 ¹⁹),

287 3875 548 3925 tradendas
573 3875 793 3940 Tychoni
818 3878 976 3928 Brahe
1003 3878 1161 3939 Dano,
1202 3879 1285 3940 qui
1323 3878 1372 3924 in
1410 3875 1571 3926 insula
1596 3876 1757 3927 Wena
1781 3876 2052 3941 habitabat,
2092 3893 2184 3943 ego
2219 3894 2337 3928 vero
2375 3879 2530 3930 vehe-
