2652 4088
1048 176 1128 225 ΙΙΙ.
1161 177 1486 227 Astronomica.
2272 190 2274 193 ’
2290 176 2394 233 255

144 332 276 384 citer.
355 330 663 382 Huncadde
710 331 999 395 prominenti
1032 336 1217 381 γ27500
1271 335 1382 382 circ.
1437 345 1545 380 cum
1592 331 1664 378 tit.
1706 328 1765 377 A.
1816 329 1863 376 in
1909 328 2008 378 lac.
2057 344 2180 394 sup„
2237 331 2397 393 prodit

145 410 338 466 27590,
378 405 584 469 qui-dat
621 420 681 454 ex
719 403 901 454 tabella
978 402 1033 452 1υ
1075 409 1161 454 53‘
1202 408 1307 453 46⁰
1345 421 1388 453 a.
1465 405 1527 453 Et
1563 404 1804 467 prominet
1843 417 2008 452 exsors
2051 406 2101 453 3‘
2144 403 2244 453 15‘¹
2275 418 2322 452 a.

1113 480 1163 526 3‘
1206 480 1307 527 15“
1347 495 1392 530 a.

142 551 236 598 An.
276 549 436 599 media
474 555 688 599 correcta
764 587 775 599 .
853 586 865 600 .
945 555 1028 600 61.
1070 553 1155 600 29.
1201 556 1283 601 17.
1349 549 1555 612 Quando
1584 564 1698 611 ergo
1725 549 1814 597 fuit
1840 554 2052 596 correcta
2083 553 2164 598 61.
2196 554 2279 599 29.
2314 555 2394 610 17,

141 630 257 672 tunc
297 623 437 671 Luna
474 623 567 671 fuit
605 626 651 670 in
695 626 777 672 55.
823 629 905 674 13.
947 629 1013 672 30
1055 625 1117 672 ab
1155 638 1393 688 apogan,
1433 638 1518 672 sen
1543 622 1754 685 ,quando
1795 623 1884 669 suit
1918 617 1988 687 Q
2014 636 2099 684 per
2130 621 2184 671 1⁰
2216 622 2300 673 57¹
2330 625 2396 672 1“

141 696 267 745 ultra
303 696 465 745 locum
502 695 714 745 medium
752 696 986 756 meridiei,
1027 703 1141 746 tunc
1181 697 1355 745 distitit
1393 711 1479 760 per
1508 698 1556 744 7‘
1585 694 1687 744 30‘¹
1714 711 1744 744 a
1787 694 1877 743 17ο
1908 698 1993 744 49’
2022 695 2122 743 21”
2152 696 2206 756 Υ
2243 704 2393 745 retro:

139 769 230 818 fuit
268 770 453 818 seilicet
492 778 606 817 tunc
646 771 691 815 in
737 768 827 818 17⁰
866 772 951 819 42‘
991 772 1060 818 O“
1090 770 1148 831 Υ
1195 772 1395 819 circiter,
1472 766 1599 831 Ergo
1640 771 1687 815 in
1728 771 1833 831 ipso
1871 767 2070 817 meridie
2110 770 2156 815 in
2203 774 2284 819 15.
2329 771 2393 819 45

141 843 343 891 circiter.

315 915 374 962 Et
401 914 515 976 quia
544 915 840 963 variationes
879 916 1117 979 incipiunt
1157 930 1265 964 cum
1303 915 1560 962 menstruis
1599 914 1991 976 aequationibus,
2032 920 2258 977 poterunt
2296 914 2399 963 fieri

138 985 342 1046 rotulae,
384 986 560 1048 quibus
600 987 859 1050 inscriptae
900 991 997 1036 sint
1035 988 1255 1036 tabulae:
1297 989 1503 1035 extimus
1545 983 1750 1035 circulus
1789 986 2048 1033 immobilis
2088 987 2268 1035 habeat
2308 1003 2397 1035 va-

138 1062 383 1118 riationes,
423 1061 672 1121 proximus
710 1060 904 1108 mobilis
944 1063 1157 1123 integros
1195 1060 1374 1124 gradus
1414 1062 1568 1123 primo
1598 1066 1852 1122 aequatae,
1894 1061 2063 1107 tertius
2102 1075 2200 1107 una
2237 1061 2396 1108 mobi-

137 1133 218 1194 lis,
256 1133 591 1180 additamenta
628 1133 904 1182 anomaliae
944 1134 1133 1182 mediae
1174 1142 1357 1198 aperta,
1399 1143 1447 1181 et
1486 1133 1713 1196 scrupula
1749 1133 1943 1194 gemina
1981 1133 2137 1191 facta,
2192 1141 2393 1195 quartus

43 1235 54 1241 -
138 1207 335 1254 intimus
376 1205 662 1264 immobilis,
714 1206 1007 1254 anomaliam
1047 1214 1341 1256 menstruam
1374 1206 1603 1270 plenam3
1653 1206 1731 1253 hic
1769 1208 1815 1252 in
1855 1205 2013 1268 capite
2053 1205 2234 1253 habeat
2271 1206 2395 1254 iuci-

137 1294 316 1339 suram,
358 1279 440 1326 ubi
482 1278 768 1340 detegantur
806 1281 1051 1343 scrupula.
1127 1279 1222 1328 Vel
1259 1282 1423 1342 potius
1462 1280 1560 1327 alia
1597 1281 1799 1337 ratione,
1841 1293 1965 1339 quae
2005 1281 2236 1340 sequitur.

311 1351 366 1399 In
408 1350 591 1400 tabella
629 1352 868 1399 scribatur
906 1353 1111 1401 circulus
1152 1354 1504 1412 variationnm,
1548 1358 1596 1400 et
1632 1351 1928 1413 adjectoriae
1969 1352 2162 1414 quidem
2203 1352 2398 1415 capiant

141 1422 330 1472 loculos
370 1439 511 1483 suos,
552 1424 903 1475 subtractoriae
944 1440 1060 1475 vero
1102 1433 1341 1490 ponantur
1379 1439 1474 1473 non
1516 1426 1672 1488 ipsae,
1713 1423 1798 1472 sed
1838 1439 2000 1473 earum
2042 1425 2396 1488 complementa

138 1497 202 1546 ad
231 1497 446 1559 ,gradum
495 1499 735 1559 integrum
783 1500 1050 1563 anticipent
1102 1499 1262 1547 locum
1304 1513 1465 1549 unum.
1544 1497 1618 1545 Ita
1656 1497 1772 1545 fient
1813 1497 1908 1546 duo
1948 1497 2232 1546 semicirculi
2275 1500 2398 1547 inter

138 1573 422 1635 serpenitus
461 1571 711 1633 aequaleS.
773 1571 964 1620 Deinde
1003 1572 1089 1620 fiat
1125 1570 1285 1620 rotula
1325 1571 1582 1628 versatilia,
1623 1570 1809 1619 habens
1849 1573 1895 1618 in
1924 1570 2073 1619 limbo
2101 1572 2279 1631 gradus
2318 1574 2396 1619 in—

138 1650 299 1706 tegros
339 1643 614 1692 anomaliae
654 1646 805 1708 primo
845 1651 1103 1708 aequatae.
1166 1644 1262 1693 Hic
1299 1644 1478 1692 limbus
1517 1645 1580 1692 sit
1620 1646 1842 1703 extimus,
1884 1652 1935 1691 ut
1975 1647 2191 1709 proxime
2231 1651 2401 1708 tangat

138 1717 367 1766 circulum
408 1719 764 1778 variationum3
820 1733 877 1766 eo
916 1721 979 1767 sit
1018 1720 1215 1766 interior
1267 1718 1445 1766 limbus
1496 1717 1849 1766 anomaliarum
1888 1719 2154 1766 mediarum
2194 1718 2401 1781 solutae,

136 1789 531 1855 respondentium
571 1792 769 1853 integris
808 1794 974 1840 extimi
998 1792 1246 1855 gradibus,
1286 1799 1340 1839 ut
1365 1791 1638 1839 anomaliae
1678 1794 1831 1855 primo
1873 1799 2130 1853 aequatae.
2205 1791 2402 1840 Tertius

138 1871 187 1913 et
223 1865 423 1911 intimus
462 1863 650 1913 rotulae
689 1864 869 1914 limbus
907 1867 972 1913 sit
1009 1866 1343 1929 scrupulorum
1382 1866 1814 1929 proportionalium
1843 1864 2122 1928 duplicium.
2185 1863 2308 1913 Nam
2337 1864 2400 1933 ad

140 1951 415 2001 apogaeum
454 1945 695 2001 ponantur
738 1943 819 1997 60,
861 1938 972 1987 inde
1013 1954 1040 1986 a
1080 1953 1269 1986 summo
1312 1953 1478 1986 versus
1529 1940 1772 1986 sinistram
1821 1938 2047 2003 scrupula
2085 1940 2272 1986 minora
2312 1952 2399 1987 us-

136 2023 230 2073 que
270 2011 332 2058 ad
373 2009 667 2058 anomaliam
710 2015 774 2059 90
817 2013 969 2074 primo
1023 2019 1309 2074 aequatam,
1359 2012 1445 2058 ubi
1498 2018 1741 2075 ponuntur
1778 2012 2007 2073 scrupula
2049 2015 2098 2060 O‘
2139 2010 2231 2072 O“,
2283 2011 2394 2061 inde

135 2084 307 2131 iterum
353 2083 580 2148 scrupula
630 2086 839 2142 minora,
894 2099 1051 2147 usque
1090 2084 1151 2132 ad
1192 2084 1486 2132 anomaliam
1531 2089 1655 2140 180,
1707 2085 1788 2132 ubi
1844 2086 2017 2132 iterum
2069 2099 2134 2132 sc.
2181 2087 2267 2133 60‘
2310 2088 2393 2148 O“,

137 2170 195 2205 ac
232 2171 374 2220 porro
415 2156 645 2221 scrupula
692 2157 879 2219 majora
926 2173 1011 2222 per
1058 2158 1296 2220 reliquum
1347 2157 1718 2208 semicirculum.
1794 2156 1909 2206 Jam
1964 2160 2160 2206 interior
2205 2158 2395 2207 rotulae

135 2244 250 2278 area
276 2231 633 2292 exstinguetur,
676 2239 723 2278 et
748 2232 795 2277 in
826 2230 1002 2279 lacuna
1036 2231 1368 2294 agglutinetur
1403 2230 1583 2279 tabella
1622 2232 1745 2288 alia,
1787 2232 2064 2295 prominens
2105 2232 2399 2280 circulariter

136 2309 185 2351 et
223 2309 390 2366 tegens
429 2305 622 2351 tertium
664 2311 710 2352 et
749 2304 971 2352 intimum
1011 2305 1200 2353 rotulae
1240 2305 1461 2353 limbum.
1528 2303 1583 2352 In
1624 2304 1768 2366 hujus
1808 2304 2143 2366 agglutinatae
2184 2304 2396 2356 tabellae

137 2376 314 2424 circulo
364 2378 543 2424 extimo
596 2383 789 2439 tegente
842 2379 1082 2425 scribatur
1132 2380 1361 2440 aequatio
1412 2386 1658 2425 menstrua
1711 2377 1856 2439 plena
1897 2392 2003 2425 cun]
2044 2378 2199 2426 titulis
2240 2378 2290 2426 S.
2332 2379 2393 2437 A,

136 2449 274 2496 initio
315 2448 365 2497 S.
406 2450 534 2497 facto
584 2451 646 2497 ab
698 2451 834 2498 initio
885 2450 1096 2499 tabellae
1148 2452 1415 2499 exterioris,
1493 2450 1553 2497 Et
1593 2451 1707 2513 quia
1747 2453 1793 2496 in
1848 2449 2038 2499 duobus
2089 2450 2208 2499 locis
2262 2453 2398 2500 venit

135 2522 390 2570 scribenda
430 2522 584 2584 figura
625 2530 684 2582 O,
738 2538 805 2571 se.
848 2539 872 2572 e
911 2526 1110 2586 regione
1144 2525 1253 2572 ’180
1297 2531 1343 2573 et
1383 2529 1510 2582 360,
1550 2523 1661 2572 ideo
1702 2522 1820 2570 fiant
1859 2524 2098 2572 incisurae
2140 2524 2290 2583 duae,
2343 2531 2396 2572 ut

135 2609 326 2658 semper
362 2610 459 2643 una
499 2596 628 2644 linea
666 2597 1003 2658 scrupulorum
1032 2604 1387 2646 menstruorum
1416 2598 1686 2659 prominere
1726 2599 1897 2659 possit.
1951 2597 2012 2645 Et
2041 2596 2236 2645 valeant
2261 2612 2390 2646 scru-

138 2668 253 2731 pula
291 2671 611 2731 prominentia
651 2685 736 2733 per
776 2685 942 2720 omnes
983 2685 1232 2733 numerOS,
1286 2672 1544 2720 incisuram
1585 2670 1751 2720 ordine
1792 2670 2002 2719 naturali
2041 2678 2298 2734 sequentes
2337 2672 2386 2718 in

137 2742 405 2791 anomaliis.

763 2855 968 2903 Melior
1006 2858 1065 2903 et
1100 2856 1408 2904 correctior
1446 2853 1750 2904 ordinatio.

310 2946 365 2994 In
405 2948 757 2997 variationibus
806 2949 1160 3012 complementa
1199 2964 1295 2998 non
1336 2951 1600 3011 anticipent
1638 2947 1865 3010 gradum,
1913 2946 1998 2997 sed
2039 2954 2236 2996 teneant
2274 2945 2384 2998 loca

141 3031 246 3077 sua,
283 3019 500 3068 babeant
540 3030 699 3070 tamen
740 3023 967 3085 pinnulas
1007 3023 1192 3072 flexiles
1233 3025 1278 3070 in
1306 3030 1502 3070 acutum
1543 3022 1836 3080 desinentes,
1878 3022 1968 3069 sub
1998 3022 2173 3083 quibus
2202 3023 2387 3069 rotulus

142 3095 320 3141 versari
361 3097 541 3156 possit:
595 3103 642 3142 et
681 3095 860 3143 indicet
899 3098 1069 3158 pinna,
1111 3097 1246 3143 illum
1286 3091 1486 3156 gradum
1529 3095 1801 3142 anomaliae
1842 3109 1937 3140 non
1977 3109 2082 3142 esse
2122 3108 2387 3142 accensen-

139 3163 266 3224 dum,
306 3166 392 3214 sed
432 3167 537 3228 ejus
575 3167 685 3215 loco
724 3169 951 3231 scrupula
992 3168 1221 3231 pinnulae
1262 3170 1515 3229 contigua,
1557 3182 1699 3229 quem
1741 3169 1788 3213 in
1830 3181 1967 3214 usum
2008 3174 2211 3228 possunt
2249 3181 2387 3215 scru-

138 3237 255 3300 pula
291 3240 386 3287 ista
424 3240 739 3303 completoria
778 3243 925 3288 etiam
965 3243 1260 3305 promotiora
1298 3242 1410 3303 poni
1455 3253 1623 3288 versus
1663 3240 1886 3287 rotulam.
1968 3239 2069 3286 Imo
2110 3241 2255 3287 etiam
2296 3240 2387 3288 ad-

132 3309 370 3373 Jectoriae
412 3315 707 3360 variationes
746 3322 1125 3376 promoveantur
1165 3316 1208 3359 in
1249 3312 1427 3374 gradus
1466 3319 1726 3374 sequentes
1766 3311 2000 3374 tegendos
2042 3314 2204 3375 pinna.

310 3383 503 3431 Tertius
544 3385 730 3433 rotulae
759 3385 965 3433 circulus
995 3389 1155 3448 potius
1182 3385 1359 3447 duplex
1402 3387 1479 3443 sit,
1520 3399 1665 3446 quam
1707 3391 1760 3431 ut
1786 3387 1881 3431 sint
1907 3385 2134 3447 scrupula
2161 3383 2389 3447 duplicia,

139 3455 187 3503 in
226 3458 380 3519 primo
419 3457 649 3520 scrupula
687 3457 926 3519 simplicia
965 3459 1038 3505 bis
1078 3457 1249 3507 eodem
1277 3457 1468 3518 ordine3
1509 3458 1558 3504 in
1583 3457 1823 3515 secund0,
1865 3459 1948 3519 qui
1976 3465 2177 3518 quartus
2205 3458 2392 3523 ordine,

42 3579 46 3597 ι
118 3530 238 3576 sint
274 3529 557 3589 rectangula
599 3529 910 3592 quadrantis,
951 3538 1121 3591 qnater
1161 3532 1389 3593 repetita,
1432 3530 1693 3577 maximum
1733 3531 1822 3578 erit
1862 3531 1912 3578 3‘
1957 3527 2072 3578 17⁰.
2151 3530 2288 3593 Quae
2327 3532 2390 3580 ab

140 3614 379 3664 apogaeo,
422 3601 614 3648 titulum
656 3601 705 3649 S.
749 3602 943 3659 habent,
985 3617 1111 3663 qnae
1151 3603 1394 3664 perigaeo,
1438 3602 1627 3649 titulum
1673 3603 1728 3650 Α,

315 3673 368 3720 ln
408 3682 599 3730 tegente
637 3673 796 3721 rotulo
836 3675 1073 3722 immobili
1106 3666 1348 3722 irreisurae
1388 3673 1511 3723 duae
1553 3680 1751 3737 pateant
1791 3680 1993 3734 tantum,
2033 3680 2157 3724 utet
2186 3678 2312 3725 tertii
2344 3683 2393 3726 et

141 3746 299 3807 quarti
338 3745 500 3793 circuli
541 3745 748 3794 latitudo
789 3746 947 3809 detegi
989 3748 1164 3810 possit,
1205 3746 1251 3794 h.
1294 3761 1335 3796 e.
1377 3761 1470 3795 non
1513 3754 1698 3795 tantum
1740 3762 1835 3795 una
1875 3747 2001 3796 linea
2039 3749 2390 3812 scrupulorum,

140 3816 224 3865 sed
263 3820 406 3866 etiarn
449 3834 544 3867 una
585 3818 711 3867 linea
751 3819 1040 3880 rectanguli,
1082 3834 1189 3868 cum
1229 3820 1386 3867 titula.
1466 3819 1638 3869 Valeat
1680 3834 1794 3869 vero
1836 3820 2088 3883 quodlibet
2127 3829 2390 3887 rectangu-

141 3887 240 3939 lum
289 3905 396 3940 cum
436 3892 577 3941 titulo
620 3894 664 3941 in
706 3899 807 3941 toto
847 3892 1174 3955 semicirculo,
1206 3882 1309 3956 'qui
1351 3899 1461 3957 post
1512 3895 1770 3942 incisuram
1821 3892 2068 3960 deinceps⁴
2095 3905 2388 3948 numeratur.
