2652 4088
294 191 364 246 32
1221 187 1250 232 J
1253 188 1411 232 oannis
1442 187 1628 244 Kepleri

291 340 438 388 fando
479 338 727 399 accepisti,
772 335 845 384 vel
888 351 947 384 ex
975 335 1109 384 libris
1138 336 1357 393 hausisti,
1398 335 1566 383 eodem
1596 344 1769 398 quotu
1795 336 1940 385 modo
1982 337 2098 383 mihi
2137 339 2391 387 recensuit.
2448 337 2550 384 Im—

292 413 458 475 primis
497 411 624 471 ejuS,
668 408 725 457 de
767 423 863 469 qua
905 409 1052 457 toties
1092 409 1209 455 mihi
1245 408 1638 469 dixit,=regionis
1678 417 1723 458 te
1766 409 1911 458 velim
1950 415 2272 471 spectatorem
2309 409 2436 473 fieri,
2474 424 2549 458 me

293 487 480 542 comite,
524 481 668 529 valde
709 484 834 528 enim
873 483 994 529 mira
1035 488 1160 541 sunt,
1206 495 1330 542 quae
1371 478 1429 528 de
1469 495 1526 528 ea
1567 490 1745 531 narrat.
1821 482 2090 530 Levaniant
2130 482 2407 544 indigitavit
2423 479 2512 543 42).

466 555 566 602 Nec
604 567 739 601 mora
778 555 1044 614 consentio,
1086 559 1139 600 ut
1178 555 1460 615 magistrum
1499 553 1583 601 illa
1620 569 1761 602 suum
1787 561 2002 602 accersat
2040 562 2086 602 et
2119 555 2361 615 consideO,
2402 569 2548 615 para-

296 635 372 676 tus
412 627 474 674 ad
514 625 805 673 audiendam
845 633 996 673 totam
1038 632 1086 673 et
1127 628 1308 673 itineris
1348 627 1597 685 rationem,
1639 635 1685 674 et
1711 628 1921 688 regionis
1949 626 2336 688 descriptionem.
2401 626 2550 675 Tem-

293 715 383 762 pus
417 700 519 760 jam
559 706 662 746 erat
701 713 922 757 vernum,
975 697 1114 744 Luna
1154 703 1395 746 crescente
1434 700 1480 744 in
1521 713 1727 760 cornua,
1785 714 1908 761 quae
1961 706 2012 746 ut
2061 703 2267 762 primum
2307 698 2420 747 Sole
2460 700 2549 747 sub

290 773 589 820 horizontem
629 771 822 819 condito
862 772 1021 831 coepit
1053 772 1257 829 enitere,
1302 771 1471 831 Juncta
1509 771 1734 832 planetae
1775 771 1982 819 Saturno
2031 776 2079 819 in
2120 772 2268 820 Tauri
2307 774 2445 833 signo
2463 769 2548 833 ⁴³),

292 851 445 892 mater
483 845 684 893 seorsim
711 858 741 891 a
767 858 842 891 me
883 857 933 890 se
973 845 1209 905 recipiens
1227 839 1302 909 ⁴4)
1343 844 1388 888 in
1429 846 1696 905 proximum
1726 846 1907 892 bivium
1932 841 2013 907 ⁴⁵),
2056 853 2102 892 et
2129 845 2348 907 pauculis
2390 834 2549 892 verbis

294 917 502 965 clamore
543 916 736 964 sublato
778 916 1044 964 enunciatis
1066 910 1150 979 ⁴⁶),
1192 918 1368 977 quibus
1408 917 1688 978 petitionem
1718 931 1854 964 suam
1883 918 2200 979 proponebat,
2242 919 2551 965 ceremoniis-

294 1005 387 1052 que
427 991 634 1052 peractis
673 991 928 1037 revertitur
947 984 1036 1054 4⁷),
1077 995 1333 1051 praetensa
1371 988 1564 1036 dextrae
1603 1004 1772 1036 manus
1811 989 1974 1052 palma
2007 991 2250 1038 silentium
2293 993 2548 1052 imperans,

291 1071 582 1126 propterque
631 1076 706 1110 me
756 1055 1040 1122 assidetffi).
1119 1061 1216 1108 Vix
1270 1063 1429 1123 capita
1479 1063 1696 1109 vestibus
1734 1057 1811 1129 (ut
1863 1070 2154 1110 conventum
2206 1062 2328 1125 erat)
2387 1062 2548 1109 invol-

294 1150 517 1184 vetamus
538 1130 642 1202 ⁴⁹),
684 1149 791 1183 cum
830 1149 940 1183 ecce
980 1140 1194 1181 screatus
1235 1136 1446 1181 exoritur
1484 1135 1680 1183 blaesae
1723 1142 1769 1184 et
1808 1136 2013 1184 obtusae
2042 1138 2175 1185 vocis
2197 1132 2271 1202 50)
2312 1143 2358 1183 et
2385 1137 2549 1183 statim

291 1209 340 1255 in
379 1208 508 1257 hunc
546 1207 757 1269 modum,
799 1208 882 1257 sed
922 1205 1154 1255 idiomate
1192 1203 1455 1268 Islandico,
1496 1207 1614 1256 infit.

958 1377 1326 1446 Daemonffl)
1388 1397 1456 1430 ex
1498 1377 1863 1446 Levania⁵2)

464 1482 828 1546 Quinquaginta
874 1483 1089 1532 millibus
1141 1485 1396 1532 miliarium
1438 1483 1834 1532 Germanicorum
1853 1480 1926 1550 ⁵³)
1966 1487 2013 1530 in
2053 1484 2261 1531 aetheris
2307 1482 2545 1545 profundo

287 1557 383 1604 sita
421 1554 584 1623 estffl)
626 1557 911 1605 Levania
950 1557 1135 1619 insula;
1177 1560 1264 1605 iter
1304 1557 1362 1605 ad
1404 1572 1509 1605 eam
1548 1557 1659 1605 hinc
1701 1557 1776 1605 vel
1805 1573 1862 1606 ex
1890 1572 1946 1604 ea
1985 1560 2032 1603 in
2074 1557 2164 1604 has
2190 1556 2363 1604 Terras
2402 1558 2549 1603 raris-

240 1676 242 1678 .
286 1631 406 1677 sime
443 1626 687 1692 patetffi),
743 1636 790 1677 et
829 1645 935 1678 cum
975 1638 1135 1692 patet,
1192 1638 1385 1678 nostrae
1425 1629 1619 1692 quidem
1659 1632 1789 1691 genti
1837 1630 1976 1678 facile
2030 1627 2214 1690 est⁵⁶)‚
2271 1629 2547 1676 homiuibus

286 1716 401 1751 vero
440 1703 825 1764 transportandis
865 1702 1008 1764 plane
1050 1702 1388 1750 difficillimum
1431 1711 1476 1750 et
1517 1717 1621 1750 cum
1660 1717 1847 1750 summo
1889 1705 2018 1751 vitae
2058 1702 2272 1763 periculo
2314 1702 2548 1762 conjunc-

285 1780 388 1822 tum
404 1771 487 1838 67).
563 1775 695 1823 Nulli
735 1791 764 1822 a
802 1777 944 1823 nobis
984 1774 1243 1823 sedentarii
1295 1776 1627 1823 adsciscuntur
1674 1771 1722 1821 in
1763 1775 1889 1822 hunc
1942 1778 2240 1834 comitatum,
2282 1774 2400 1821 nulli
2441 1789 2548 1822 cor-

285 1847 487 1910 pulenti,
527 1848 646 1895 nulli
687 1847 878 1896 delicati
895 1845 982 1909 ⁵8)‚
1023 1848 1106 1895 sed
1147 1849 1354 1910 legimus
1395 1863 1493 1908 eos,
1534 1851 1615 1909 qui
1657 1855 1866 1895 aetatem
1895 1849 2181 1896 veredorum
2222 1847 2417 1895 assiduo
2459 1861 2548 1893 usu

286 1927 598 1980 consumunt,
651 1926 736 1968 aut
776 1923 857 1982 qui
906 1922 1114 1969 navibus
1166 1923 1439 1983 frequenter
1483 1921 1646 1968 Indias
1688 1921 1891 1979 adeunt,
1947 1936 2071 1983 pane
2122 1922 2360 1979 biscocto,
2416 1920 2547 1978 allio,

284 1995 499 2055 piscibus
541 1994 722 2041 duratis
765 2001 812 2042 et
852 1994 972 2042 cibis
1012 1994 1385 2042 abhorrentibus
1427 1996 1647 2041 victitare
1686 1997 1808 2041 sueti
1828 1990 1908 2057 59).
1960 1993 2187 2056 Inprimis
2227 1994 2365 2040 nobis
2405 1999 2549 2054 aptae

290 2073 402 2114 sunt
444 2066 640 2116 vetulae
682 2081 917 2115 exsuccae
936 2063 1022 2127 ⁶⁰),
1065 2068 1239 2128 quibus
1280 2067 1391 2115 inde
1419 2083 1448 2115 a
1473 2069 1681 2129 pueritia
1723 2069 1833 2113 trita
1874 2073 1947 2115 est
1984 2069 2123 2125 ratio,
2165 2067 2322 2114 hircos
2352 2075 2548 2113 noctur—

283 2153 401 2198 nos,
441 2147 527 2187 aut
564 2140 747 2197 furcaS‚
789 2148 873 2187 aut
913 2141 1025 2187 trita
1063 2139 1213 2201 pallia
1254 2139 1555 2202 inequitandi
1598 2139 1966 2202 trajiciendique
2005 2154 2088 2202 per
2130 2140 2358 2186 immania
2396 2145 2549 2186 terra-

284 2226 387 2259 rum
428 2214 601 2274 spatia.
678 2211 811 2260 Nulli
852 2227 877 2260 e
918 2211 1181 2261 Germania
1223 2215 1310 2260 viri
1351 2215 1451 2276 apti
1493 2219 1632 2273 suut,
1674 2212 2003 2275 Hispanorum
2041 2214 2173 2261 sicca
2213 2226 2414 2274 corpora
2453 2225 2548 2260 non

288 2281 661 2348 respuimusffl).
2286 2332 2289 2333 γ

459 2357 637 2405 Totum
677 2360 780 2418 iter,
821 2364 1054 2419 quantum
1094 2365 1180 2418 est,
1231 2364 1438 2420 quatuor
1478 2358 1538 2405 ad
1579 2373 1819 2406 summum
1859 2358 2083 2405 horarum
2125 2359 2284 2419 spatio
2324 2356 2548 2404 absolvi-

285 2425 462 2493 tur‘32).
540 2430 708 2492 Neque
761 2434 888 2478 enim
937 2432 1076 2478 nobis
1129 2446 1318 2493 semper
1368 2432 1754 2493 occupatissimis
1807 2438 1952 2479 antea
2006 2438 2194 2478 constat
2237 2431 2294 2478 de
2336 2436 2549 2491 tempore

287 2498 546 2569 eundissss),
605 2518 749 2564 quam
790 2504 928 2552 Luna
981 2505 1042 2551 ab
1092 2505 1287 2551 orientis
1337 2505 1555 2566 partibus
1605 2505 1815 2566 coeperit
1866 2503 2093 2564 deficcre3
2146 2517 2270 2565 quae
2323 2503 2405 2550 ubi
2445 2509 2550 2550 tota

285 2576 484 2635 luxerit,
539 2577 680 2624 nobis
732 2576 890 2623 adhuc
940 2578 986 2622 in
1034 2578 1205 2624 itinere
1253 2577 1588 2636 haerentibus,
1642 2579 1774 2624 irrita
1822 2576 2037 2624 redditur
2091 2584 2255 2623 nostra
2293 2576 2546 2638 profectio.

288 2648 411 2696 Tam
448 2663 680 2711 praeceps
721 2651 911 2697 occasio
952 2648 1110 2708 efficit,
1150 2655 1204 2696 ut
1229 2663 1412 2711 paucos
1450 2664 1508 2698 ex
1536 2649 1750 2697 humana
1776 2655 1934 2710 gente,
1976 2663 2067 2697 nec
2092 2648 2230 2708 alim,
2273 2650 2363 2695 nisi
2397 2649 2545 2695 nostri

289 2722 742 2770 observantissimos
795 2723 993 2769 comites
1047 2717 1415 2784 habeamusffl).
1513 2722 1638 2783 Ergo
1690 2723 1933 2770 hominem
1998 2721 2209 2782 aliquem
2269 2720 2548 2783 hujusmodi

287 2795 570 2856 agminatim
617 2794 892 2842 invadimus
944 2809 1207 2856 omnesque
1254 2795 1427 2842 subtus
1473 2796 1703 2853 nitenteS‚
1756 2798 1802 2841 in
1855 2794 2005 2842 altum
2059 2809 2168 2841 eum
2223 2790 2545 2860 tollimus‘ffi).

286 2866 713 2928 Primaquaeque
752 2866 938 2914 molitio
979 2867 1237 2915 durissima
1275 2869 1369 2928 ipsi
1407 2863 1690 2933 accidit⁶⁶)‚
1733 2882 1818 2915 nec
1859 2869 1983 2915 enim
2023 2867 2162 2915 aliter
2201 2872 2451 2929 torquetur
2490 2881 2547 2915 ac

288 2941 326 2987 si
367 2939 565 3002 pulvere
605 2939 917 2987 bombardico
958 2954 1189 2988 excussus
1238 2945 1425 2989 montes
1474 2947 1520 2987 et
1557 2942 1709 2988 maria
1749 2947 1960 2988 tranaret
1976 2935 2058 3000 67).
2135 2939 2400 3001 Propterea
2434 2954 2549 2986 nar-

289 3013 456 3061 coticis
493 3018 541 3061 et
581 3013 758 3074 opiatis
797 3014 960 3060 statim
999 3013 1045 3059 in
1085 3015 1321 3075 principio
1362 3013 1625 3074 sopiendus
1666 3008 1827 3080 est53)
1866 3019 1913 3060 et
1951 3013 2253 3059 membratim
2295 3012 2546 3074 explican-

291 3085 379 3133 dus
398 3081 478 3150 69),
516 3100 577 3133 ne
618 3099 791 3147 corpus
833 3101 862 3132 a
899 3084 1088 3148 podice,
1130 3093 1274 3148 caput
1313 3100 1342 3132 a
1382 3099 1579 3147 corpore
1618 3092 1847 3147 gestetur,
1890 3084 1975 3133 sed
2014 3091 2066 3132 ut
2094 3084 2328 3133 violentia
2369 3087 2414 3130 in
2443 3086 2547 3132 sin-

289 3159 405 3220 gula
450 3159 663 3206 membra
711 3157 970 3206 dividatur.
1046 3158 1184 3205 Tunc
1230 3159 1406 3220 excipit
1446 3172 1575 3206 nova
1615 3157 1899 3218 difficultas,
1958 3160 2127 3219 ingens
2177 3158 2327 3220 frigus
2353 3153 2445 3220 ⁷⁰),
2499 3163 2548 3207 et

288 3231 532 3293 prohibita
571 3225 944 3297 respiratio⁷¹),
999 3245 1201 3292 quorum
1241 3230 1311 3277 illi
1351 3233 1567 3292 ingenita
1605 3232 1745 3279 nobis
1785 3232 1834 3277 vi
1852 3228 1946 3293 7²),
2002 3229 2113 3277 huic
2166 3245 2279 3277 vero
2329 3231 2546 3292 spongiis

289 3303 527 3352 humectis
574 3304 636 3351 ad
688 3318 828 3351 nares
857 3303 1085 3362 ,admotis
1135 3304 1329 3351 obviam
1384 3305 1507 3350 imus
1526 3299 1605 3367 ⁷3).
1684 3303 1916 3351 Confecta
1963 3304 2116 3363 prima
2165 3310 2301 3364 parte
2363 3304 2547 3351 itineris

289 3376 478 3423 facilior
514 3376 730 3425 redditur
757 3378 915 3424 vectio
934 3373 1013 3441 7⁴).
1078 3375 1215 3424 Tunc
1253 3376 1404 3423 libero
1445 3378 1543 3423 ae'ri
1583 3378 1870 3437 exponimus
1897 3389 2100 3437 corpora
2124 3390 2394 3436 manusque
2428 3375 2547 3424 sub-

292 3447 527 3497 trahimus
546 3446 626 3514 75).
705 3449 866 3511 Atque
904 3449 989 3497 illa
1027 3450 1075 3494 in
1114 3463 1220 3497 sese
1271 3448 1622 3509 conglobantur
1659 3455 1714 3496 ut
1763 3450 1953 3508 aranei,
2008 3463 2133 3510 quae
2173 3463 2260 3496 nos
2305 3448 2410 3496 solo
2450 3449 2547 3495 fere

293 3527 414 3568 nutu
453 3527 838 3583 transportamus
859 3518 947 3587 76),
994 3521 1116 3570 adeo
1157 3527 1210 3569 ut
1249 3521 1455 3583 denique
1493 3522 1646 3570 moles
1686 3536 1915 3583 corporea
1954 3528 2125 3583 sponte
2164 3536 2254 3569 sua
2292 3527 2462 3583 vergat
2499 3522 2547 3566 in

170 3573 180 3585 ⁹
242 3602 244 3605 ’
293 3592 454 3640 locum
504 3597 806 3656 propositum
824 3589 902 3662 77).
981 3594 1077 3642 Sed
1129 3609 1298 3656 parum
1351 3595 1492 3642 nobis
1546 3600 1618 3643 est
1675 3595 1806 3641 utilis
1857 3594 1981 3641 haec
2034 3590 2186 3659 ῥοπη,
2243 3596 2358 3655 quia
2404 3595 2547 3640 nimis

293 3664 431 3713 tarda
447 3660 531 3726 78),
573 3669 736 3728 itaque
762 3673 882 3714 nutu
922 3672 975 3714 ut
1002 3667 1099 3714 dixi
1129 3667 1452 3716 acceleramus
1480 3674 1528 3715 et
1553 3666 1884 3730 praecedimus
1916 3667 2020 3728 jam
2060 3681 2250 3729 corpus,
2287 3680 2348 3714 ne
2387 3665 2547 3713 duris-

294 3739 415 3785 simo
454 3739 668 3800 impactu
707 3741 754 3786 in
794 3740 982 3787 Lunam
1023 3739 1184 3787 damni
1225 3740 1342 3802 quid
1380 3742 1606 3802 patiatur.
1658 3740 1826 3788 Solent
1863 3739 2108 3800 homines,
2149 3754 2256 3787 cum
2296 3740 2548 3801 expergis-

295 3817 492 3869 cuntur,
544 3813 679 3872 queri
718 3811 776 3859 de
828 3812 1062 3860 ineffabili
1115 3814 1437 3861 membrorum
1490 3814 1702 3861 omnium
1740 3811 2050 3874 lassitudine,
2106 3827 2136 3861 a
2175 3825 2271 3874 qua
2309 3825 2418 3859 sero
2457 3809 2548 3859 ad-

294 3881 494 3931 modum
531 3896 586 3931 se
623 3884 874 3946 recipiunt,
917 3890 970 3932 ut
1007 3885 1257 3934 ambulent
1275 3881 1357 3948 79).

2650 1771 2652 1774 Α
2646 1700 2652 1740 -..
2645 1634 2652 1689 μ-
2648 1613 2652 1619 .
2646 1531 2652 1603 μ’.-

2614 3786 2652 4088 mm·
2632 3749 2646 3778 ἐκ
2622 3116 2652 3738 atahe-mmmm*
2640 3077 2652 3106 a
2628 2249 2652 3058 ,Qfflam-d--
2646 2196 2652 2241 -.,
2646 2159 2652 2186 „-
2640 2066 2652 2142 ,saut-
