2652 4088
239 1283 459 1377 Notae
519 1281 617 1377 ad
677 1281 1033 1397 scaligeri
1093 1282 1493 1376 diatribam
1554 1284 1646 1377 de
1706 1281 2211 1401 aequinoctiis.

1143 1492 1315 1501 ——-

271 1594 302 1639 J
311 1592 565 1651 osephus
607 1591 871 1650 Scaliger
918 1592 1100 1651 scripsit
1144 1591 1414 1639 Diatribam
1459 1591 1514 1639 de
1554 1591 1960 1651 Aequinoctiorum
1997 1594 2357 1654 Antioipatione,

100 1672 216 1718 quae
246 1664 353 1716 post
381 1663 572 1705 mortem
603 1659 801 1704 auctoris
832 1658 954 1718 typis
986 1657 1224 1714 exsculpta
1255 1663 1326 1704 est
1356 1657 1543 1702 Parisiis
1574 1671 1691 1704 anno
1712 1660 1843 1706 1613.
1907 1660 2078 1714 „Index
2108 1663 2357 1719 capitum“:

103 1726 211 1783 Cap.
242 1725 279 1769 I.
310 1725 558 1771 Methodus
587 1725 765 1782 priscae
795 1724 1092 1782 longitudinis
1123 1729 1170 1769 et
1197 1723 1449 1768 latitudinis
1487 1723 1734 1772 stellarum.
1795 1725 1933 1783 Origo
1971 1726 2175 1773 theoriae
2205 1728 2359 1774 stella-

100 1805 213 1837 rum.
274 1792 382 1849 Cap.
414 1792 473 1836 Π
507 1791 766 1837 Confutatio
797 1796 948 1836 motus
981 1795 1166 1836 octavae
1207 1790 1443 1847 sphaerae.
1507 1791 1614 1849 Cap.
1645 1792 1727 1838 ΙΙΙ.
1770 1792 2070 1852 Aequinoctia
2104 1797 2151 1842 in
2181 1803 2358 1844 antece-

101 1857 254 1903 dentia
283 1858 380 1902 niti.
443 1858 550 1914 Cap.
581 1857 659 1904 IV
692 1858 941 1904 Corollaria
972 1861 1018 1902 et
1049 1857 1400 1914 consequentiae
1435 1857 1573 1914 hujus
1603 1858 1910 1905 nobilissimae
1941 1860 2187 1909 doctrinae.
2220 1888 2275 1897 -
2305 1863 2357 1909 In

38 1937 42 1948 ·
100 1923 383 1981 praefatione
422 1922 628 1980 explodit
660 1922 861 1980 Scaliger
891 1928 1174 1968 astronomos
1216 1934 1326 1967 suae
1365 1923 1549 1977 aetatis,
1591 1923 1670 1980 qui
1704 1929 1898 1982 „negant
1929 1938 2050 1985 esse,
2089 1929 2210 1986 quod
2249 1943 2359 1988 quo-

99 1991 211 2036 tidie
238 1996 451 2048 tractant,
482 1990 580 2036 sine
611 2005 700 2047 quo
731 1989 883 2035 nullos
912 1992 1063 2033 motus
1093 1987 1381 2045 planetarum
1411 1987 1622 2045 colligere
1642 1995 1861 2048 possunt3
1893 1995 2255 2048 praecessionem
2285 2008 2359 2041 ae-

103 2058 433 2116 quinoctiorum
470 2057 719 2115 principem
758 2055 1097 2101 ratiociniorum
1137 2067 1323 2099 suorum
1365 2054 1648 2100 constituunt
1693 2061 1740 2102 et
1783 2061 1935 2102 tamen
1974 2060 2359 2117 aequinoctiorum

101 2129 269 2181 negant
307 2123 446 2168 ullam
487 2136 587 2169 esse
617 2121 1003 2199 praecessionem,
1044 2119 1285 2178 sphaeram
1323 2124 1476 2165 autem
1517 2125 1722 2166 octavam
1759 2122 1806 2168 in
1837 2126 2162 2182 consequentia
2190 2129 2360 2175 moveri

101 2192 427 2247 vociferantur,
458 2203 576 2248 quae
606 2188 757 2247 opinio
779 2192 963 2233 auctore
985 2187 1248 2263 Hipparcho
1280 2186 1337 2231 ad
1366 2193 1452 2232 nos
1484 2186 1680 2234 demissa
1710 2194 1801 2249 est,
1831 2192 2082 2247 patrocinio
2112 2194 2362 2242 Ptolemaei

102 2264 325 2317 promota.
387 2256 504 2312 Quia
533 2269 638 2302 vero
672 2267 835 2302 causae
867 2259 913 2299 et
943 2253 1139 2311 origines
1170 2258 1263 2297 tam
1289 2254 1438 2310 gravis
1470 2254 1790 2312 disputationis
1820 2255 1957 2303 altius
1984 2260 2209 2316 petendae
2239 2268 2362 2322 sunt,

102 2323 341 2370 diatribam
370 2323 488 2368 hanc
520 2320 783 2378 conscripsi.
793 2324 812 2346 ‘⁴
875 2321 927 2364 In
959 2319 1152 2377 epistola
1183 2319 1423 2376 Scaligeri,
1468 2333 1586 2366 anno
1623 2321 1750 2367 1594.
1783 2322 1840 2367 ad
1877 2323 1932 2367 D.
1964 2323 2204 2371 Rivaldum
2241 2328 2362 2388 data,

103 2404 240 2449 quam
271 2390 417 2435 editor
450 2388 722 2443 „diatribae“
757 2386 1006 2443 subJunxit‚
1038 2385 1195 2431 eadem
1224 2384 1319 2430 fere
1349 2391 1602 2443 occurrunt,
1636 2401 1753 2444 quae
1782 2387 1916 2432 modo
1940 2402 1965 2434 e
1984 2392 2265 2447 praefatione
2287 2407 2364 2440 ex-

64 2453 67 2485 ἶ
103 2457 364 2515 cei-pamas,
398 2455 560 2512 quibus
590 2453 705 2499 haec
736 2452 943 2498 addenda
964 2458 1084 2498 sunt
1129 2450 1177 2496 Si
1207 2452 1418 2509 sphaera,
1448 2452 1610 2510 inquit,
1640 2472 1722 2498 των
1752 2451 1970 2514 ἀπλανων,
2002 2463 2052 2503 ut
2083 2459 2234 2505 sanxit
2253 2460 2364 2517 Hip-

78 2522 315 2581 2parchus,
335 2526 541 2566 movetur
570 2518 618 2563 in
645 2518 948 2575 succedentia,
981 2521 1027 2562 et
1046 2517 1168 2562 illius
1199 2529 1310 2562 aevo
1343 2516 1488 2563 cauda
1517 2518 1778 2575 Cynosurae
1809 2521 1966 2568 aberat
1994 2537 2022 2569 a
2049 2524 2156 2582 polo
2181 2525 2259 2571 12⁰
2278 2527 2364 2585 24¹,

103 2589 308 2646 sequitur
342 2595 396 2633 ut
434 2598 543 2632 aevo
574 2584 759 2630 Eudoxi
799 2583 1014 2629 remotior
1053 2587 1175 2628 esset
1206 2596 1232 2627 a
1262 2582 1392 2658 polo,
1433 2588 1547 2641 puta
1575 2585 1654 2630 13⁰
1693 2590 1772 2630 aut
1806 2587 1897 2634 14⁰
1958 2588 2101 2647 Atqui
2138 2601 2230 2636 non
2259 2561 2365 2649 plus²

105 2654 305 2701 distabat
335 2668 363 2699 a
392 2652 497 2711 polo
529 2665 665 2708 quam
694 2650 853 2709 hodie,
894 2663 1001 2707 ergo
1034 2655 1080 2694 et
1111 2649 1198 2695 sibi
1235 2649 1325 2706 ipsi
1355 2654 1400 2695 et
1441 2649 1648 2696 omnibus
1688 2651 1765 2708 qui
1794 2653 2016 2700 hactenus
2053 2668 2156 2701 eum
2187 2658 2368 2715 sequuti

111 2727 218 2767 sunt
245 2720 461 2778 imposuit
490 2718 795 2775 Hipparchus.
850 2716 995 2772 Quam
1026 2729 1122 2761 rem
1154 2729 1255 2762 cum
1276 2716 1481 2772 Tychoni
1502 2716 1650 2761 Brahe
1683 2720 2097 2778 communicassem,
2131 2724 2368 2781 obstupuit

106 2788 166 2833 ad
194 2787 438 2832 novitatem
470 2789 515 2829 et
544 2783 833 2828 insolentiam
862 2781 1200 2841 ἐπιχειρηματος.
1257 2782 1353 2828 Nos
1383 2796 1426 2827 n.
1461 2781 1724 2839 collegimus
1764 2797 1918 2830 omnes
1951 2785 2049 2842 ejus
2083 2788 2366 2847 (Hipparchi)

105 2869 197 2899 των·
217 2852 420 2898 ἆπλανων
451 2849 662 2903 ἀνατολας
693 2868 763 2894 και
793 2853 949 2906 avom,
982 2862 1095 2905 quas
1125 2862 1256 2894 nemo
1286 2862 1487 2906 unquam
1516 2849 1751 2909 intelliget,
1782 2851 1870 2896 nisi
1890 2853 2016 2909 prius
2046 2855 2230 2911 globum
2261 2869 2366 2902 con-

108 2920 339 2975 struxerit,
371 2918 501 2975 cujus
532 2917 665 2974 polus
697 2916 892 2961 arcticus
923 2914 1041 2960 absit
1072 2928 1099 2960 a
1131 2915 1392 2973 Cynosurae
1424 2914 1569 2960 cauda
1609 2929 1692 2973 per
1721 2916 1803 2961 12⁰
1832 2918 1918 2965 24⁴.
1977 2920 2220 2977 Videmus,
2262 2921 2368 2978 quia

83 2987 223 3033 ‚haec
253 2990 409 3032 eodem
439 2984 674 3030 intervallo
707 2998 734 3029 a
762 2981 868 3039 polo
900 2981 1044 3027 abfuit
1073 2986 1177 3026 ante
1208 2994 1350 3026 annos
1385 2982 1498 3028 1967
1529 2995 1618 3038 quo
1649 2997 1769 3028 nunc
1799 2983 1949 3041 abest,
1982 2985 2157 3030 nullum
2187 2987 2367 3032 omnino

107 3058 279 3098 motum
317 3065 419 3097 esse
458 3057 644 3096 octavae
683 3049 905 3106 sphaerae
946 3050 1005 3099 εἰς
1033 3065 1088 3091 τοι
1118 3049 1332 3104 ἑπομενα,
1372 3048 1453 3093 sed
1492 3063 1574 3091 των
1614 3047 1836 3107 ἰσημεριων
1876 3049 1935 3103 εἰς
1964 3068 2016 3095 τα
2045 3066 2367 3109 προηγουμενα.

108 3119 226 3166 Nam
258 3119 313 3164 de
343 3123 470 3164 motu
500 3132 591 3163 non
625 3115 807 3162 dubium
840 3120 930 3170 est,
977 3115 1210 3171 praecedit
1251 3114 1368 3159 enim
1405 3114 1540 3159 hodie
1580 3115 1913 3172 aequinoctium
1945 3117 2121 3163 stellam
2151 3119 2197 3163 in
2228 3132 2369 3165 cornu

110 3186 277 3233 Arietis
306 3186 412 3243 plus
444 3198 578 3243 quam
607 3184 702 3241 28⁰,
735 3182 857 3240 quod
887 3187 1091 3239 tempore
1122 3182 1306 3227 Eudoxi
1338 3181 1701 3227 committebatur
1737 3183 1833 3228 fere
1863 3183 1909 3227 in
1939 3183 2040 3240 ipsa
2070 3183 2215 3230 stella.
2279 3184 2370 3230 Sed

110 3259 261 3299 utrum
291 3253 424 3298 stella
453 3251 604 3296 Solem
636 3263 694 3295 an
714 3249 794 3294 Sol
824 3247 1000 3294 stellam
1030 3246 1272 3303 relinquat,
1303 3246 1379 3291 hic
1399 3248 1677 3303 quaestionis
1709 3249 1844 3293 cardo
1876 3254 1957 3294 est.
2011 3247 2101 3293 Sed
2130 3249 2367 3306 sphaeram

112 3324 193 3367 aut
222 3319 377 3365 stellas
409 3316 594 3364 stabiles
626 3329 727 3361 esse
752 3315 847 3371 Jam
879 3313 1183 3369 ostendimus,
1228 3312 1304 3356 Sol
1332 3312 1467 3368 igitur
1498 3319 1544 3358 et
1564 3319 1733 3371 puncta
1763 3315 1861 3371 ejus
1899 3315 2248 3372 aequinoctialia
2276 3331 2369 3363 mo-

111 3384 223 3432 bilia
252 3391 371 3430 sunt.
432 3382 557 3429 Vidit
594 3382 682 3427 hoc
714 3380 989 3437 Copernicus
1030 3383 1077 3423 et
1107 3377 1358 3435 concludit,
1401 3379 1580 3424 omnino
1622 3393 1723 3425 esse
1763 3387 1934 3426 motum
1975 3381 2370 3439 aequinoctialium

114 3454 384 3508 punctorum
414 3450 460 3492 in
490 3445 814 3501 antecedentia,
847 3444 999 3488 omisit
1017 3456 1123 3486 vero
1147 3443 1468 3501 demonstrare,
1500 3444 1715 3490 circulum
1736 3448 1994 3504 maximum,
2028 3448 2105 3504 qui
2125 3448 2182 3494 ad
2203 3456 2373 3507 puncta

117 3512 467 3571 aequinoctialia
498 3512 711 3569 (mobilia)
744 3509 1032 3568 describitur,
1063 3510 1271 3554 mobilem
1305 3512 1485 3555 omnino
1518 3524 1640 3568 esse,
1674 3524 1818 3567 eoque
1850 3512 1947 3567 eJus
1970 3513 2124 3570 polum
2144 3515 2373 3564 mobilem

114 3576 254 3626 Polus
286 3577 627 3636 aequinoctialis
658 3591 748 3622 non
780 3582 850 3621 est
879 3575 997 3620 idem
1027 3590 1128 3621 cum
1154 3576 1260 3633 polo
1282 3577 1449 3634 mundi,
1481 3590 1584 3622 nam
1605 3577 1679 3622 hic
1710 3582 1780 3622 est
1800 3577 2052 3638 immobilis,
2081 3579 2157 3627 ille
2179 3582 2370 3630 mobilis.

118 3643 290 3704 Quodsi
322 3644 595 3701 Copernicus
628 3655 702 3699 ea,
735 3654 849 3699 quae
880 3655 961 3686 nos
992 3642 1208 3697 ἱστορικως
1239 3654 1295 3685 ex
1326 3642 1486 3699 priscis
1516 3642 1757 3700 astrologis
1788 3644 2136 3705 observavimus,
2168 3649 2371 3708 vidisset,

120 3712 272 3758 statim
303 3722 463 3754 manus
496 3708 719 3762 dedisset,
758 3720 852 3750 rem
884 3706 1199 3751 mathematice
1232 3707 1608 3766 demonstrasset,
1649 3708 1770 3765 quod
1801 3722 1909 3755 sane
1939 3725 2029 3757 non
2061 3720 2131 3759 est
2169 3715 2370 3761 arduum.

88 3808 93 3829 ,
88 3774 329 3823 Omnium
360 3774 778 3820 mathematicorum
810 3780 880 3817 est
901 3772 1183 3829 perpendere
1206 3779 1251 3819 et
1276 3773 1498 3819 discutere
1530 3774 1642 3820 haec
1672 3776 1943 3822 accuratius
1993 3778 2063 3823 De
2083 3784 2208 3825 motu
2237 3782 2373 3839 trepi-

123 3841 315 3888 dationis
344 3842 438 3898 jam
471 3841 659 3897 explosa
690 3844 759 3883 est
787 3837 952 3894 sabula,
987 3838 1041 3882 de
1072 3837 1338 3883 libramento
1371 3838 1629 3896 Copernici,
1662 3853 1778 3896 quae
1808 3854 1881 3886 res
1913 3847 1959 3888 et
1987 3842 2089 3900 ipsa
2118 3843 2375 3892 futilissima

124 3916 218 3967 est,
250 3907 492 3966 aliquando
526 3907 740 3964 dicemuS,
771 3903 890 3949 unde
920 3872 1034 3950 h'aec
1065 3901 1270 3951 deliratio
1302 3909 1430 3951 tanto
1461 3904 1555 3950 viro
1586 3904 1821 3952 incesserit
1849 3910 1936 3953 etc.

210 3983 364 4026 topi-211
386 3981 511 4025 opera
526 3980 634 4017 vm.
1966 3981 2023 4028 13
