2652 4088
360 168 432 225 94
1215 166 1488 213 Plutarchus
1518 167 1574 214 de
1602 168 1738 215 Facie

361 320 513 366 tincta
551 319 765 378 conspici
801 312 986 382 nequit,
1024 318 1233 379 partium
1271 322 1448 365 tamen.
1472 317 1808 367 umbrosarum
1847 321 2179 383 appositiones
2205 319 2269 368 ad
2292 325 2456 382 partes
2487 317 2601 366 illu-

360 398 535 439 stratas
574 396 769 450 propter
806 389 1062 437 discrimen
1101 389 1300 437 evidens
1338 403 1435 437 non
1473 389 1626 438 latent
1665 393 1837 439 visum.

521 460 628 522 ‚Sed
654 461 789 522 illud,
831 462 1065 522 dicebam,
1105 463 1261 522 magis
1288 461 1573 524 redarguere
1601 463 1790 512 videtur
1813 464 2135 524 reflexionem,
2176 478 2300 526 quae
2326 464 2602 525 perhibetur

361 550 391 582 a
428 533 584 596 Luna,
625 535 756 595 quod
794 536 877 594 iis,
920 538 1001 596 qui
1040 540 1170 585 stant
1207 537 1254 580 in
1295 534 1442 582 radiis
1479 535 1693 596 reflexis,
1746 538 1982 598 contingit
2019 551 2114 583 non
2154 537 2202 583 id
2241 537 2398 584 solum
2437 535 2599 583 videre

359 605 487 668 quod
526 606 848 667 illuminatur,
897 607 982 655 sed
1022 608 1167 654 etiam
1219 606 1340 653 illud
1368 607 1522 668 -quod
1571 604 1906 673 illuminatffl).
1982 609 2152 656 Radiis
2203 611 2328 656 enim
2368 609 2430 656 ab
2469 623 2600 670 aqua

358 678 707 727 resultantibus
743 679 805 727 ad
844 683 1089 741 parietem,
1133 681 1173 726 si
1212 680 1345 725 visus
1383 680 1527 727 fuerit
1564 682 1610 726 in
1638 681 1764 742 loco,
1806 684 1888 742 qui
1927 697 1956 728 a
1991 682 2248 729 reflexione
2288 681 2598 740 illuminatur,

358 753 401 799 ei
440 753 531 798 tria
569 753 770 799 veniunt
806 754 853 798 in
882 757 1214 814 conspectum:
1254 751 1458 800 reflexus
1484 752 1662 811 radinS,
1702 760 1750 802 et
1778 769 1908 815 aqua
1937 769 2061 816 quae
2089 754 2396 802 reflexionem
2423 768 2601 801 causa-

355 830 446 883 tur,
487 829 535 872 et
560 823 660 881 Sol,
700 839 731 873 a
769 839 865 885 quo
905 825 1068 872 lumen
1107 826 1154 870 in
1181 838 1360 885 aquam
1399 824 1650 887 delapsum
1691 833 1738 873 et
1775 828 1836 874 ab
1864 827 1949 874 illa
1973 828 2202 876 reflexum
2231 834 2305 875 est
2321 823 2408 889 6²).
2464 826 2602 874 Haec

363 911 470 944 cum
509 899 605 944 sint
644 899 690 942 in
733 898 953 945 confesso
1002 899 1147 959 inque
1186 899 1494 959 apparentia,
1542 898 1793 959 postulant
1823 899 1927 960 Jam
1967 901 2029 947 ab
2080 902 2161 958 iis,
2215 901 2297 961 qui
2337 899 2535 947 Terram
2572 913 2603 946 a

359 968 500 1016 Luna
537 969 726 1018 reflexis
765 970 911 1018 radiis
950 969 1208 1018 illuminari
1249 969 1525 1028 defendunt,
1564 978 1617 1017 ut
1655 971 1913 1018 ostendant
1951 973 2008 1020 de
2047 980 2187 1020 nocte
2228 972 2355 1020 Solis
2394 972 2603 1032 effigiem

355 1045 402 1088 in
442 1042 610 1091 Lunae
649 1042 899 1105 superficie
927 1058 1012 1091 ceu
1038 1042 1236 1105 speculo
1275 1042 1765 1105 resplendescentcm,
1806 1046 1946 1091 sicuti
1985 1060 2042 1093 ea
2082 1045 2139 1093 de
2180 1045 2257 1094 die
2294 1044 2602 1107 resplendes-

356 1116 420 1163 cit
457 1115 701 1176 inundis,
742 1129 849 1163 cum
888 1116 941 1163 fit
979 1117 1040 1163 ab
1080 1117 1138 1163 iis
1176 1115 1387 1163 reflexio.
1453 1115 1594 1176 Quod
1635 1131 1744 1164 cum
1782 1131 1878 1164 non
1918 1127 2166 1179 appareat,
2207 1120 2481 1166 existimare
2510 1130 2600 1164 vo-

360 1187 466 1236 lunt
503 1188 590 1248 illi,
629 1188 774 1236 modo
816 1188 1023 1247 diverso,
1064 1202 1161 1236 non
1187 1188 1463 1247 reflexione,
1501 1188 1602 1236 fieri
1630 1188 1799 1237 Lunae
1828 1189 2243 1239 illuminationem.
2306 1191 2416 1239 Hoc
2441 1196 2603 1239 autem

358 1263 400 1309 si
437 1275 533 1309 non
573 1268 661 1320 est,
699 1275 856 1322 neque
895 1263 1040 1323 igitur
1077 1261 1264 1309 Lunam
1303 1275 1407 1309 esse
1446 1257 1726 1327 teri·am⁶³).

533 1332 661 1395 Quid
700 1336 845 1396 igitur
883 1336 1015 1390 istis,
1069 1334 1332 1396 quaerebat
1371 1333 1821 1395 Apollonides,
1875 1342 1949 1383 est
1988 1335 2412 1398 respondendum?
2462 1348 2598 1383 com-

359 1408 525 1455 munia
564 1409 692 1455 enim
730 1421 834 1455 esse
874 1407 1098 1455 videntur
1147 1408 1291 1454 etiam
1329 1407 1470 1453 nobis
1507 1406 1618 1466 illa,
1667 1421 1791 1468 quae
1831 1406 1890 1456 de
1939 1409 2212 1456 reflexione.
2290 1409 2431 1455 Enim
2469 1421 2600 1468 vero,

357 1481 555 1541 inquam
595 1480 737 1541 Ego,
779 1479 1136 1541 quodammodo
1164 1481 1463 1539 communia,
1504 1479 1648 1527 modo
1690 1494 1804 1527 vero
1839 1480 1936 1528 alio
1976 1495 2036 1528 ne
2075 1484 2349 1529 communia
2389 1480 2599 1542 quidem.

356 1552 572 1601 Primum
610 1553 730 1600 illud
769 1553 828 1600 de
869 1553 1025 1614 effigie
1066 1552 1179 1600 vide
1218 1560 1270 1599 ut
1309 1558 1475 1600 contra
1511 1552 1703 1611 flumen,
1737 1552 1875 1614 quod
1905 1554 2042 1615 aJunt
2070 1562 2116 1602 et
2141 1569 2421 1616 perversum
2461 1568 2602 1601 assu-

355 1633 504 1674 mant.
578 1625 703 1674 Nam
742 1640 871 1687 aqua
907 1628 956 1672 in
995 1625 1144 1673 Terra
1184 1632 1258 1673 est
1294 1625 1403 1672 susa
1439 1631 1524 1673 aut
1562 1640 1620 1673 ea
1658 1625 1906 1686 humilior,
1959 1626 2099 1674 Luna
2137 1642 2252 1676 vero
2292 1642 2439 1690 supra
2478 1626 2600 1674 Ter-

355 1714 458 1747 ram
496 1705 571 1746 est
609 1700 655 1744 in
696 1699 797 1746 alto
836 1713 1099 1760 suspensa,
1140 1712 1288 1759 quare
1327 1697 1490 1745 reflexi
1528 1698 1650 1745 radii
1690 1712 1974 1748 conversam
2014 1702 2313 1748 constituunt
2350 1700 2600 1761 figuratio-

355 1787 466 1820 nem
505 1772 698 1833 anguli,
752 1786 859 1819 cum
898 1771 1020 1819 alter
1059 1770 1251 1832 quidem
1290 1785 1479 1818 sursum
1518 1785 1666 1832 penes
1705 1771 1921 1830 Lunam,
1974 1772 2094 1821 alter
2135 1787 2248 1820 vero
2289 1773 2512 1821 deorsum
2553 1774 2602 1819 in

354 1844 503 1893 Terra
554 1847 781 1892 verticem
826 1859 964 1892 suum
1016 1839 1297 1906 habeat⁶⁴).
1373 1843 1572 1891 Petatur
1620 1845 1764 1905 igitur
1813 1845 1875 1892 ab
1924 1843 2043 1905 illis,
2099 1852 2151 1893 ut
2200 1860 2296 1893 non
2347 1861 2404 1894 ex
2446 1846 2602 1893 omnis

355 1919 535 1980 speciei
574 1932 763 1975 corpore
799 1916 981 1965 faciant
1007 1916 1271 1979 speculum,
1310 1930 1434 1965 neve
1472 1917 1521 1962 in
1549 1919 1679 1964 omni
1718 1919 1982 1966 remotione
2009 1918 2213 1967 similem
2252 1919 2601 1979 refractionem,

356 1989 550 2053 quando
591 1988 785 2050 quidem
825 1990 1220 2038 manifestissima
1257 1983 1530 2052 negant‘ffi).

531 2063 598 2110 At
627 2063 729 2119 alii,
779 2065 860 2124 qui
899 2063 1087 2110 Lunam
1126 2064 1357 2109 nobiscum
1400 2067 1619 2109 statuunt
1665 2077 1770 2110 esse
1822 2077 1995 2124 corpus
2045 2077 2201 2124 neque
2248 2070 2394 2112 tenue
2443 2078 2600 2126 neque

352 2135 516 2196 laeve,
558 2135 701 2197 quale
741 2142 814 2185 est
851 2151 996 2198 aqua,
1037 2135 1122 2184 sed
1162 2148 1375 2182 crassum
1415 2141 1462 2182 et
1500 2141 1721 2195 terreum,
1761 2150 1855 2184 non
1898 2135 2039 2183 video
2078 2138 2161 2197 qui
2188 2139 2383 2198 exigant
2409 2152 2437 2184 a
2463 2138 2604 2185 nobis

355 2208 483 2259 Solis
522 2208 863 2271 effigiationem
902 2211 950 2255 in
990 2210 1120 2271 ipsa,
1177 2221 1301 2269 quae
1341 2222 1392 2256 se
1433 2209 1558 2255 visui
1599 2208 1795 2269 offerat,
1841 2223 1951 2257 cum
1999 2223 2156 2270 neque
2205 2210 2281 2258 lac
2318 2209 2600 2272 hujusmodi

353 2281 631 2345 speculares
656 2282 827 2331 reddat
853 2284 1104 2344 imagines,
1131 2295 1221 2328 nec
1247 2280 1489 2328 radiorum
1519 2283 1784 2329 visivorum
1809 2281 2115 2330 reflexionem
2143 2289 2380 2341 causetur,
2406 2278 2603 2345 propter

357 2355 754 2417 inaequalitatem
803 2362 851 2404 et
900 2355 1208 2417 asperitatem
1255 2356 1462 2415 partium
1479 2349 1561 2418 6⁶).
1649 2351 1787 2403 Unde
1839 2356 1984 2417 igitur
2033 2354 2202 2404 Lunae
2249 2355 2454 2404 facultas
2506 2357 2600 2404 ista

357 2428 758 2490 suppeditaretur,
797 2443 827 2476 a
852 2442 904 2476 se
941 2430 1048 2490 ipsa
1088 2426 1149 2474 ad
1188 2441 1276 2474 nos
1314 2429 1384 2474 sic
1421 2426 1695 2475 remittendi
1735 2428 1917 2475 visivos
1952 2427 2129 2487 radiOS,
2169 2429 2295 2476 sicut
2322 2442 2404 2477 eos
2431 2430 2600 2477 remit-

358 2507 466 2549 tunt
505 2501 702 2562 specula
741 2502 958 2549 exactius
995 2499 1186 2562 polita‘?
1250 2499 1400 2561 Atqui
1438 2513 1597 2562 neque
1636 2501 1757 2560 ista,
1797 2501 1951 2548 sicubi
1988 2501 2210 2560 rubigine
2250 2508 2334 2548 aut
2373 2501 2599 2549 sordibus

360 2572 571 2621 obducta
608 2581 692 2621 aut
731 2575 1015 2621 contusione
1053 2572 1331 2635 perturbata
1370 2578 1507 2631 sunt,
1546 2573 1594 2618 in
1632 2579 1827 2634 punct0,
1869 2587 1898 2620 a
1937 2587 2033 2634 quo
2073 2575 2197 2621 visio
2238 2574 2362 2622 solet
2401 2574 2595 2633 reflecti,

355 2647 616 2708 imaginem
654 2648 906 2708 recipiunt,
948 2653 996 2693 et
1033 2659 1140 2692 cum
1179 2647 1285 2706 ipsa
1323 2643 1516 2706 quidem
1556 2651 1670 2692 tunc
1697 2645 1894 2707 specula
1919 2660 2003 2707 per
2041 2660 2091 2693 se
2120 2645 2389 2706 videantur,
2429 2661 2594 2709 reper-

356 2721 626 2768 cussionem
665 2726 825 2767 tamen
863 2717 1105 2765 radiorum
1156 2732 1251 2764 non
1298 2724 1572 2765 causantur.
1649 2715 1763 2782 (Qui
1802 2731 1917 2765 vero
1968 2719 2205 2779 postulat,
2258 2725 2442 2768 tantam
2484 2735 2590 2769 esse

355 2794 489 2839 visus
527 2793 678 2839 nostri
715 2790 1074 2855 fortitudinem,
1125 2797 1177 2838 ut
1214 2789 1341 2838 Solis
1379 2791 1638 2851 imaginem
1676 2792 1721 2836 in
1761 2790 1901 2838 Luna
1942 2790 2128 2851 videat,
2179 2793 2218 2839 is
2257 2792 2387 2840 haud
2441 2791 2592 2841 multo
2650 2847 2652 2850 ¹

355 2864 671 2913 versimiliora
696 2864 846 2926 dicit),
887 2878 1033 2926 quam
1072 2864 1112 2910 si
1139 2863 1247 2925 quis
1288 2864 1443 2910 visum
1468 2870 1683 2910 nostrum
1722 2864 1768 2909 in
1795 2862 1910 2911 Sole
1949 2878 2055 2912 esse
2095 2863 2385 2924 defenderet,
2426 2864 2589 2913 lumen
2649 2861 2652 2899 ῑ

353 2952 467 2986 vero
508 2937 635 2986 Solis
671 2937 832 2985 radios
868 2938 1067 2994 visiVOS‚
1107 2935 1292 2984 coelum
1342 2949 1455 2983 vero
1494 2935 1736 2983 hominem
1766 2937 2019 2983 videndum.
2084 2935 2213 2984 Solis
2255 2939 2381 2985 enim
2430 2938 2592 2986 radios

355 3012 405 3058 in
445 3011 584 3058 Luna
621 3025 706 3072 per
742 3023 1098 3071 repercusssum
1136 3007 1337 3056 reflexos
1377 3006 1453 3055 ad¹
1477 3022 1565 3055 nos
1603 3022 1758 3069 usque
1798 3007 1969 3056 deferri
2009 3010 2248 3057 versimile
2289 3017 2360 3058 est
2399 3019 2594 3073 propter
2644 3021 2652 3071 j

358 3098 524 3133 eorum
561 3081 888 3131 fortitudinem
929 3087 977 3129 et
1015 3081 1298 3139 claritatem,
1337 3086 1388 3127 at
1426 3081 1615 3135 visivus
1652 3080 1830 3139 radius,
1871 3095 1978 3128 cum
2017 3083 2080 3129 sit
2119 3081 2292 3130 debilis
2331 3082 2592 3132 admodum

357 3165 406 3205 et
442 3158 490 3203 in
529 3162 772 3204 contemta
809 3155 1117 3217 proportione
1168 3152 1230 3201 ad
1269 3151 1396 3201 Solis
1434 3153 1623 3212 radios,
1675 3167 1770 3200 non
1808 3155 2004 3214 mirum,
2053 3156 2094 3201 si
2132 3169 2290 3216 neque
2329 3156 2477 3204 ictum
2516 3156 2595 3203 iri-'-

357 3230 449 3278 fert
485 3229 787 3291 repercussui
825 3227 1167 3285 sufficientem,
1207 3240 1378 3287 neque,
1419 3227 1607 3272 etiamsi
1644 3224 1849 3282 resiliat,
1893 3228 2262 3276 continuitatem
2301 3235 2462 3277 servet
2499 3243 2593 3291 po-

359 3305 553 3363 tiusque
603 3301 859 3350 flaccescat
899 3308 947 3349 et
985 3299 1178 3348 deficiat
1222 3312 1318 3347 non
1356 3298 1580 3346 suffultus
1620 3300 1760 3360 copia
1797 3297 2014 3359 luminis,
2066 3315 2161 3361 quo
2200 3315 2253 3349 se
2291 3309 2486 3360 tueatur,
2532 3315 2621 3351 nce?

360 3374 653 3422 distrahatur
689 3375 738 3421 in
778 3373 1206 3434 inaequalitatibus
1246 3377 1293 3419 et
1331 3371 1672 3432 asperitatibus
1688 3367 1776 3431 ⁶⁷).
1841 3371 1964 3419 Nam
2002 3372 2063 3420 ab
2102 3373 2243 3421 undis
2282 3373 2474 3435 quidem
2512 3387 2596 3422 ce-

358 3449 567 3508 terisque
614 3446 950 3509 specularibus
999 3443 1298 3508 impossibile
1349 3457 1446 3491 non
1497 3450 1596 3504 est,
1647 3446 1704 3490 ad
1734 3446 1909 3491 visibile
1941 3460 2084 3502 usque
2134 3446 2324 3495 exsilire
2362 3447 2591 3495 refractos
2637 3454 2652 3548 ἐ

353 3519 545 3580 radios,
598 3522 776 3581 quippe
823 3520 905 3581 qui
943 3518 1101 3566 adhuc
1150 3516 1301 3566 validi
1339 3531 1554 3577 suaeque
1589 3517 1761 3577 origini
1798 3519 2055 3579 propinqui
2094 3526 2229 3580 sunt;
2282 3525 2332 3567 at
2369 3534 2398 3567 a
2436 3519 2591 3579 Luna,
2647 3575 2649 3578 ¹

360 3593 547 3640 etiamsi
587 3593 853 3640 exstiterint
889 3590 1081 3653 aliquae
1120 3593 1167 3638 in
1194 3589 1330 3637 illam
1356 3590 1686 3651 impactioneS,
1728 3587 1911 3637 debiles
1939 3597 2099 3640 tamen
2126 3591 2239 3639 illae
2265 3598 2378 3639 sunt
2402 3591 2592 3640 futurae
2638 3611 2643 3617 ·

361 3671 409 3712 et
447 3665 679 3713 obscurae
716 3671 763 3714 et
801 3671 1172 3723 marcescenteS,
1220 3669 1479 3724 antequam
1517 3662 1820 3724 perveniant,
1868 3670 2062 3724 propter
2111 3663 2352 3712 intervalli
2390 3664 2592 3726 prolixi·
2640 3697 2652 3705 .

360 3741 523 3784 tatem.
599 3737 723 3785 Nam
761 3739 906 3785 etiam
945 3737 1066 3784 alias
1104 3735 1302 3799 specula
1339 3734 1437 3796 illa,
1479 3748 1603 3796 quae
1641 3735 1899 3782 cavitatem
1937 3731 2228 3799 habentoe),
2278 3738 2592 3798 posteriorem

361 3808 547 3857 radium
562 3804 633 3869 ⁶⁹)
674 3809 879 3857 reddunt
915 3811 1235 3857 robustiorem
1271 3809 1404 3869 prius
1442 3806 1695 3863 incidente,
1736 3808 1805 3854 sic
1843 3813 1896 3855 ut
1934 3822 2030 3855 non
2068 3822 2176 3856 raro
2215 3809 2431 3857 flammas
2470 3822 2591 3857 evo·
2630 3825 2649 3911 f

361 3887 518 3945 mant3
569 3895 693 3943 quae
733 3896 846 3932 vero
886 3895 1102 3932 convexa
1139 3887 1186 3931 et
1221 3880 1442 3943 globosa,
1481 3893 1541 3929 ea
1579 3877 1786 3928 debilem
1824 3886 1872 3929 et
1908 3880 2190 3943 obscurum,
2229 3895 2287 3950 eo
2326 3879 2458 3943 quod
2493 3895 2591 3934 non
2626 3883 2646 3951 ἒξ

2618 3967 2645 4088 ᾖ
