2652 4088
871 136 1102 189 Judieium
1131 141 1291 189 matris
1320 142 1519 201 Kepleri.
2218 139 2323 197 379

0 320 3 322 -
65 295 245 354 tobris,
286 305 396 342 cum
436 296 519 345 21.
557 289 666 342 Oct.
708 296 871 342 essent
906 292 1207 355 producendi
1245 299 1420 354 testeS,
1474 293 1644 356 incipit
1679 291 1850 355 Burga
1886 306 2045 342 serere
2085 288 2325 355 querelari,

67 369 201 418 adire
239 367 434 415 fratrem
473 380 633 415 meum
672 365 736 414 ad
772 379 1043 428 vesperam,
1082 374 1286 416 matrem
1324 382 1484 416 meam
1521 372 1851 415 transeuntem
1880 366 2033 415 cultro
2061 363 2324 427 evaginato

67 441 254 501 adorta,
290 440 440 502 jussit
465 441 717 489 restituere
742 438 945 487 filiolam
972 454 1134 487 suam:
1179 455 1325 502 „nam
1364 455 1462 500 cur,
1502 441 1675 502 inquit,
1713 441 1994 502 percussisti
2035 438 2198 499 illam,
2236 437 2326 484 tri-

39 515 158 563 bus
194 514 422 576 passibus
458 511 801 561 retrocedens?
856 511 905 558 id
944 511 1152 561 affirmat
1187 513 1341 562 filiola
1378 528 1489 562 mea
1528 514 1781 575 omnisque
1820 512 2047 574 tegularii
2085 509 2320 559 familia.“

65 587 139 635 Re
176 600 263 649 per
300 593 504 634 matrem
542 599 701 633 meam
739 585 801 633 ad
838 584 1136 647 praefectum
1176 585 1340 635 delata
1379 584 1651 634 etfamilia
1689 585 1917 647 tegularii
1956 586 2208 644 accersita,
2248 584 2326 630 in-

66 666 214 709 venta
252 665 326 706 est
362 664 552 720 praeter
590 674 726 718 eam,
766 672 892 720 quae
930 673 982 706 se
1021 658 1207 708 laesam
1245 661 1445 717 asserit,
1486 656 1632 706 unica
1668 657 1893 720 tegularii
1933 657 2086 705 filiola
2128 661 2191 705 10
2233 670 2324 705 an-

66 747 263 791 norum,
320 745 446 792 quae
493 730 622 779 idem
660 731 895 790 affirmat,
952 737 1169 792 ceterae,
1210 747 1337 794 quae
1379 746 1474 778 una
1511 730 1867 793 procedebant,
1919 730 2042 777 nihil
2082 729 2139 778 de
2178 729 2326 791 plaga

69 806 243 854 sciunt.
309 803 469 850 Mater
505 818 616 852 mea
655 805 1044 852 constantissime
1082 811 1246 867 negat.
1312 804 1594 852 Praefectus
1632 810 1796 852 tamen
1837 805 1895 851 de
1925 802 2163 851 maleficio
2203 815 2323 850 con-

66 884 250 927 stanter
287 876 551 936 affirmare‚
601 877 664 938 iet)
706 878 777 926 ein
813 876 1090 940 ῷεῑεηςτὶῇ,
1141 878 1204 940 fen
1246 875 1348 925 eben
1384 878 1467 924 buss
1518 876 1627 936 recbt
1666 874 1829 936 bannt,
1887 876 2078 925 videtur
2117 875 2327 936 chirurgi

66 951 395 1013 Tubingensis
435 951 775 998 auctoritatem
812 950 861 996 in
890 950 983 998 hoc
1009 953 1161 1014 sequi,
1204 949 1472 999 adversarii
1497 951 1678 1010 nostri3
1719 955 1820 996 tum
1862 955 2024 997 autem
2062 947 2323 995 insidiatus

66 1025 233 1073 matris
273 1035 410 1070 meae
450 1024 680 1083 moribus,
722 1038 781 1070 ex
819 1024 894 1082 iis,
936 1038 1062 1085 quae
1101 1023 1378 1072 inconsulta
1414 1022 1611 1083 femina,
1652 1023 1917 1084 improviso
1943 1021 2072 1070 malo
2113 1023 2323 1068 circum-

0 1144 1 1148 ,
68 1103 213 1146 venta
252 1102 300 1143 et
337 1109 542 1143 excussa
580 1110 666 1158 spe
705 1095 1037 1157 productionis
1076 1098 1273 1144 testium
1309 1096 1618 1158 perturbata,
1661 1096 1858 1153 effutiit,
1901 1096 2038 1142 varia
2078 1093 2324 1156 conquirit

66 1170 260 1230 indicia,
301 1182 360 1216 ex
398 1169 576 1229 quibus
614 1170 884 1231 potissima,
927 1168 1057 1231 quod
1095 1171 1221 1218 intra
1258 1168 1486 1228 triduum,
1528 1183 1587 1216 ex
1627 1182 1723 1230 quo
1762 1174 1981 1230 repetere
2021 1166 2192 1215 debuit
2216 1181 2322 1214 me-

0 1253 9 1259 *
63 1245 266 1292 moriam
304 1243 604 1290 transitionis
642 1256 776 1300 suae,
818 1249 977 1290 certae
1018 1242 1114 1291 diei
1154 1242 1309 1291 oblita
1347 1247 1464 1300 erat,
1505 1255 1614 1289 cum
1653 1241 1907 1302 largiretur
1946 1246 2137 1300 tamen,
2195 1237 2323 1288 diem

66 1316 203 1365 illum
240 1315 418 1374 fuisse,
459 1329 555 1376 quo
597 1314 773 1363 crudae
812 1315 1007 1377 tegulae
1047 1315 1095 1361 in
1135 1315 1381 1363 fornacem
1418 1314 1611 1362 illatae:
1665 1316 1735 1362 sic
1775 1313 1907 1376 quod
1945 1319 2100 1362 mater
2138 1311 2326 1360 audiis-

66 1395 170 1449 set,
222 1387 521 1451 praefectum
570 1388 631 1436 ob
681 1388 807 1435 hanc
858 1393 1184 1450 emergentem
1235 1387 1595 1437 levissimorum
1650 1386 1901 1436 hominum
1960 1387 2323 1435 accusationem

71 1463 295 1527 (maritus
332 1475 380 1508 n.
410 1461 604 1523 Burgae
645 1461 892 1523 quondam
930 1462 1043 1508 furti
1080 1475 1266 1524 poenas
1305 1460 1411 1522 luit,
1453 1475 1593 1510 socer
1632 1461 1844 1509 carnifex
1884 1465 1987 1509 erat
2026 1459 2323 1531 campestris,

70 1552 99 1585 3
138 1549 234 1598 quo
274 1534 468 1596 Burgae
510 1535 803 1597 cognomen)
843 1535 1125 1583 renunciare
1165 1534 1262 1583 diei
1300 1533 1636 1597 productionis
1675 1536 1889 1593 testium,
1928 1532 2155 1596 perculsa
2191 1526 2330 1581 subi-

66 1617 211 1659 taneo
251 1606 582 1667 incommode,
622 1623 734 1655 nam
767 1615 953 1655 sumtus
989 1608 1093 1670 jam
1129 1607 1326 1669 fecerat,
1367 1608 1613 1670 praefecto
1652 1608 1875 1670 promisit
1913 1620 2114 1665 munus,
2167 1606 2210 1655 si
2250 1605 2327 1654 di—

65 1683 183 1742 lata,
222 1696 370 1745 quam
407 1682 685 1729 minabatur
723 1681 820 1739 ille,
862 1680 1097 1729 relatione
1137 1680 1199 1730 ad
1241 1680 1597 1742 cancellariam,
1638 1682 1845 1730 testibus
1873 1678 2129 1729 audiendis
2169 1678 2329 1727 locum

68 1756 225 1806 daret:
265 1754 540 1817 praefectus
578 1754 629 1802 id
667 1768 755 1817 pro
796 1754 975 1802 indicio
1016 1754 1175 1803 malae
1215 1755 1542 1804 conscientiae
1582 1753 1756 1803 detulit
1795 1753 1857 1803 ad
1898 1752 2256 1802 cancellariam.

239 1828 332 1876 His
371 1828 557 1876 artibus
595 1827 766 1890 effugit
802 1828 1075 1891 praefectus
1114 1829 1459 1877 necessitatem
1497 1828 1793 1876 imminentis
1832 1829 1957 1875 intra
1991 1832 2018 1875 3
2050 1825 2152 1874 dies
2187 1826 2327 1888 J'ura-

68 1904 220 1951 menti
259 1900 548 1963 dicendique
586 1903 854 1950 testimonii
894 1900 952 1950 de
991 1916 1040 1949 re
1080 1907 1234 1963 gesta,
1269 1901 1346 1949 his
1387 1902 1574 1949 artibus
1614 1907 1777 1963 sperat
1817 1900 2068 1962 chirurgus
2106 1899 2326 1961 impuni-

68 1983 241 2035 tatem,
295 1974 371 2022 his
423 1975 609 2023 artibus
657 1975 944 2037 opprimitur
992 1974 1145 2023 delira
1190 1975 1252 2022 ob
1293 1981 1504 2023 aetatem
1559 1975 1767 2034 femina3
1822 1975 2003 2037 sparsit
2051 1972 2328 2035 praefectus

68 2064 323 2109 rumorem,
364 2062 417 2096 se
455 2050 742 2096 instructum
782 2063 888 2097 esse
915 2046 1158 2095 mandatis
1186 2047 1246 2095 ad
1277 2047 1566 2110 capiendam
1605 2054 1653 2098 et
1691 2047 1753 2095 ad
1792 2053 2027 2096 torturam
2053 2044 2330 2094 vocandam

0 2125 1 2141 ³
68 2129 271 2172 matrem
309 2135 495 2183 meam;
536 2120 773 2170 admoniti
810 2127 923 2169 sunt
961 2122 1057 2169 mei
1098 2120 1157 2169 de
1197 2119 1367 2170 eodem
1406 2119 1624 2184 periculo
1652 2135 1682 2169 a
1708 2120 1802 2170 fide
1830 2120 2006 2181 dignis,
2047 2119 2330 2182 inquisitio-

66 2211 174 2245 nem
214 2195 277 2243 ad
316 2195 442 2242 hanc
480 2209 628 2242 unam
666 2199 766 2242 tam
804 2194 963 2243 levem
1003 2195 1365 2243 accusationem
1404 2195 1650 2255 habitam,
1699 2194 1841 2256 plura
1880 2193 2072 2241 detecta
2112 2193 2327 2253 crimina,

67 2276 187 2334 puto
224 2268 371 2330 hujus
411 2270 573 2316 omnia
612 2267 791 2316 similia
830 2268 892 2315 ab
921 2267 1092 2316 eadem
1118 2266 1281 2316 radice
1308 2266 1615 2330 pullulantia.
1680 2266 1810 2329 Quid
1837 2270 2036 2329 agerent
2062 2267 2157 2315 mei
2182 2266 2330 2314 frater

11 2330 120 2450 {et
155 2343 384 2400 sororiu3‚
426 2340 734 2406 ecclesiastes
774 2342 820 2386 in
861 2340 1166 2402 Haimaden,
1211 2355 1319 2389 cum
1359 2340 1525 2389 multis
1560 2341 1664 2403 jam
1703 2342 1943 2388 sumtibus
1985 2339 2151 2388 effusis
2191 2340 2330 2403 quis-

70 2429 166 2480 que
203 2429 326 2464 suae
362 2420 550 2463 metuat
588 2413 947 2463 incolumitati?
1011 2414 1139 2476 Ergo
1181 2413 1383 2462 consilio
1425 2419 1568 2477 capto
1610 2413 1819 2463 suadent
1857 2414 2015 2473 matri,
2055 2418 2110 2460 ut
2147 2412 2211 2461 ad
2250 2426 2328 2460 me

69 2491 162 2538 iret
195 2487 441 2547 Lincium,
495 2494 664 2536 secuta
703 2502 862 2536 meam
902 2488 1243 2535 invitationem
1282 2490 1483 2547 seriam,
1531 2488 1633 2550 jam
1675 2486 1857 2535 dudum
1908 2487 2106 2537 factam.
2181 2485 2332 2534 Paret

69 2562 170 2622 illa,
208 2562 323 2610 licet
360 2562 515 2608 invita
531 2560 831 2624 admodum,
871 2561 1030 2623 pergit
1070 2558 1263 2609 Ulmam
1304 2566 1391 2610 80.
1433 2559 1635 2622 Octob.,
1676 2559 1760 2609 sed
1801 2560 1978 2622 frigore
2018 2564 2208 2608 maturo
2248 2559 2329 2605 in-

35 2640 268 2722 gruente
305 2636 578 2683 revertitur.
651 2634 848 2682 Interim
886 2634 1175 2697 praefectus,
1224 2634 1423 2697 perinde
1462 2648 1521 2683 ac
1558 2635 1600 2682 si
1638 2633 1800 2682 studio
1852 2632 1985 2682 illam
2040 2631 2331 2695 conjecisset

35 2698 127 2757 in
166 2708 350 2770 sugam,
391 2707 538 2756 aedes
577 2707 683 2769 ejus
724 2708 976 2769 observ3at
1015 2712 1216 2769 rogatus
1256 2722 1285 2755 a
1321 2708 1481 2767 fratre,
1523 2722 1669 2770 quarn
1710 2708 1772 2755 ob
1811 2721 1911 2756 lem
1951 2705 2001 2753 id
2040 2705 2200 2761 fieret,
2249 2719 2329 2753 re-

72 2781 281 2845 spondit,
322 2779 385 2828 ad
425 2782 708 2843 petitionem
738 2781 945 2844 Burgae,
985 2781 1123 2843 cujus
1159 2780 1300 2829 liberi
1343 2779 1598 2841 debilitati,
1640 2786 1690 2829 at
1726 2795 1822 2827 non
1864 2780 2067 2828 obscure
2107 2776 2330 2827 cumula-

73 2859 175 2903 tum
213 2855 253 2901 it
289 2853 485 2901 indicia.
564 2854 714 2916 Atqui
755 2861 910 2903 mater
948 2868 1057 2902 mea
1095 2860 1210 2902 tunc
1247 2853 1457 2903 redierat
1494 2856 1542 2901 in
1581 2854 1742 2902 locum
1787 2858 2072 2902 consuetum
2112 2855 2160 2898 in
2199 2850 2328 2898 Hai-

72 2925 247 2976 maden
286 2926 348 2974 ad
388 2926 534 2974 filiam
583 2942 743 2987 suam,
801 2934 854 2976 ut
899 2927 1016 2989 suga
1066 2942 1376 2990 nequaquam
1423 2926 1787 2990 interpretanda
1838 2927 1901 2974 sit
1953 2925 2059 2987 ejus
2110 2923 2173 2972 ad
2221 2922 2326 2971 dies

71 3014 255 3064 paucos
294 3000 532 3059 absentia,
571 3001 853 3063 praesertim
893 3015 1002 3049 cum
1039 2999 1174 3048 illam
1202 3015 1289 3063 per
1316 3000 1612 3050 ordinarium
1653 2999 1963 3049 tabellarium
1989 2996 2324 3054 advocassem,

73 3087 181 3122 cnm
213 3074 315 3135 jam
357 3073 419 3120 ab
459 3073 647 3134 aliquot
684 3075 825 3122 annis
862 3073 911 3126 id
949 3079 1202 3136 ageretur,
1257 3079 1309 3122 ut
1346 3075 1453 3137 ipsa
1493 3073 1668 3122 cedens
1708 3072 2126 3121 administratione
2167 3070 2328 3118 bono-

71 3160 176 3194 rum
213 3160 408 3194 suorum
455 3146 586 3208 apud
625 3163 700 3195 me
741 3148 891 3209 quieti
932 3161 984 3194 se
1028 3144 1189 3204 daret,
1244 3161 1353 3195 cum
1401 3145 1523 3194 nihil
1560 3146 1816 3208 impediret
1867 3145 1959 3192 nisi
2000 3143 2328 3192 interveniens

32 3217 131 3285 ‚plis
169 3219 388 3278 sorensis,
428 3219 642 3267 studium
682 3221 840 3269 bonae
879 3220 1038 3267 famae
1079 3226 1127 3267 et
1163 3234 1276 3281 spes
1315 3220 1541 3268 instantis
1580 3220 1800 3281 proxime
1840 3218 2089 3265 victoriae.

26 3318 39 3344 ι
68 3301 74 3306 ’
244 3291 428 3351 Frater,
469 3291 758 3356 indignitate
786 3297 1055 3341 commotus
1083 3291 1450 3340 observatarum
1478 3290 1687 3350 aedium,
1728 3290 2049 3354 proficiscitur
2075 3287 2137 3336 ad
2170 3301 2331 3336 meam

26 3368 101 3425 λζ,
153 3370 273 3414 trem
312 3366 360 3412 in
398 3364 675 3414 Haimaden
705 3371 786 3414 21.
814 3364 1108 3413 Novembris
1139 3378 1294 3426 eaque
1324 3366 1496 3423 excita,
1538 3378 1724 3412 rursum
1764 3364 1920 3410 invita
1959 3367 2008 3410 et
2045 3360 2330 3422 reluctante,

114 3450 140 3486 r

29 3515 74 3575 ⁴

139 3444 311 3502 operat
349 3437 411 3486 ad
450 3452 526 3485 mc
565 3440 798 3499 venitque
838 3437 1059 3484 Lincium
1102 3433 1210 3502 ³7¹3.
1252 3436 1372 3486 Dec

247 3510 403 3558 Vides
442 3510 663 3559 Exce11¹¹¹⁶
692 3510 793 3568 Vir,
835 3514 954 3571 quot
991 3507 1131 3556 malis
1172 3508 1515 3557 conflictemur.
1576 3513 1619 3559 1
1649 3507 1921 3570 Litigamus
1960 3507 2008 3554 in
2034 3506 2138 3555 soro
2166 3504 2331 3554 multis

37 3543 353 3644 {nominibus
390 3582 532 3629 nobis
570 3582 893 3631 incommodo
962 3586 1007 3630 2
1037 3580 1247 3628 Ademta
1287 3586 1360 3629 est
1398 3580 1539 3628 nobis
1577 3581 1799 3644 probatio
1838 3595 1924 3643 per
1962 3579 2203 3642 injuriam,
2241 3593 2332 3629 nec

45 3645 202 3716 ‘Quini
240 3669 408 3703 sumus
447 3653 701 3703 inhabiles.
768 3659 812 3703 3.
851 3652 1133 3700 Praefectus
1171 3652 1482 3715 partialitatis
1523 3655 1570 3700 in
1611 3658 1814 3715 utraque
1853 3651 2133 3702 adversaria
2170 3653 2330 3701 maui-

71 3721 227 3777 'fcstus
267 3734 356 3776 cst.
424 3731 468 3777 4.
496 3726 589 3775 Per
627 3740 863 3774 summam
899 3724 1125 3788 injuriam
1164 3726 1415 3788 inquisitio
1456 3732 1529 3774 est
1568 3727 1791 3775 instituta
1817 3726 1863 3773 in
1891 3731 2090 3775 matrem
2115 3720 2329 3795 (nequa-

28 3813 30 3817 ·
69 3797 223 3863 ‘quam
263 3799 451 3848 idoneis
491 3798 567 3848 vel
607 3797 958 3847 sufficientibus
994 3796 1201 3857 indiciis,
1244 3798 1375 3860 quod
1401 3798 1615 3861 legitime
1642 3800 1846 3861 probare
1873 3813 2133 3863 possumus
2167 3813 2329 3849 coram

28 3871 36 3910 ἱ
79 3870 193 3923 dato
226 3872 393 3937 judice
431 3871 760 3935 intelligenti),
803 3872 850 3919 in
890 3884 988 3934 qua
1026 3872 1069 3919 si
1108 3870 1349 3921 adimatur
1386 3873 1529 3922 nobis
1568 3872 1698 3922 dicta
1734 3872 1976 3936 probati0‚
2015 3872 2147 3923 haud
2184 3870 2329 3921 dubie
