2652 4088
286 195 393 254 254
879 195 1163 242 Collectanea
1191 206 1250 239 ex
1280 193 1510 242 codicibus
1540 195 1929 244 Pulkoviensibus.

286 346 455 410 gradui
495 343 621 393 Solis
660 345 927 396 immineat.
1003 344 1083 392 Sic
1122 345 1438 392 constitutum
1476 360 1754 397 mucronem
1792 350 1839 394 in
1878 346 2076 410 regulae
2126 348 2405 414 capitellum
2442 351 2536 399 im-

216 439 218 441 ·
286 422 436 477 mitte,
478 417 693 479 regulam
733 425 929 481 puncto,
971 416 1103 479 quod
1143 416 1307 465 Solem
1346 417 1560 479 denotat,
1597 420 1791 483 applica
1829 427 1876 468 et
1916 420 2107 470 videbis
2145 424 2194 469 in
2235 425 2536 472 extremitate

285 490 479 553 regulae
520 490 722 552 gradum
761 490 964 550 zodiaci,
1005 491 1052 536 in
1093 504 1189 552 quo
1229 489 1314 537 Sol
1352 499 1587 542 versatur.
1640 493 1840 556 Semper
1878 502 2042 542 autem
2080 496 2373 556 memineriS,
2412 495 2537 544 diem

284 566 461 611 mensis
501 578 606 611 esse
646 563 933 611 sumendum
959 562 1071 609 stilo
1099 569 1210 621 vet„
1252 570 1299 610 et
1337 565 1378 610 si
1417 562 1519 612 dies
1559 565 1673 613 stilo
1700 579 1830 613 novo
1857 566 1919 613 sit
1946 568 2279 629 consignatae,
2319 567 2536 617 reductio

286 635 440 684 facilis
481 638 584 687 erit.
660 636 784 684 Nam
825 635 1039 683 decimus
1079 634 1304 683 Januarii
1352 638 1467 683 anni
1512 641 1664 686 1598.
1705 645 1764 686 st.
1806 653 1850 684 n.
1893 645 1966 687 est
2007 644 2090 688 31.
2131 640 2250 691 Dec.
2291 655 2334 688 a.
2383 646 2538 690 1597.

284 717 342 757 st.
387 725 430 760 v.
507 708 680 757 Cetera
719 715 886 772 patent
924 723 983 755 ex
1021 721 1313 771 quacunque
1356 709 1693 772 Ephemeride,
1743 713 1790 757 in
1831 725 1930 772 qua
1977 719 2179 775 uterque
2228 714 2370 761 stilus
2416 727 2534 761 con-

282 782 475 844 junctus
515 789 603 832 est.
661 780 774 829 Jam
804 795 888 844 pro
927 780 1048 829 locis
1077 782 1291 842 quinque
1316 780 1618 844 planetarum
1646 779 1699 849 ἦ,
1728 783 1792 843 Ql,
1836 790 1906 843 (ς,
1936 780 1994 848 ῼ,
2025 781 2067 851 ᾤ
2102 785 2342 847 generalis
2369 786 2538 847 regula

283 856 403 902 haec
442 861 541 902 est:
587 853 883 917 ‚excerpendi
923 869 981 900 ex
1020 853 1322 915 singulorum
1363 853 1612 903 ordinibus
1654 864 1701 903 et
1740 856 1949 905 addendi
1989 860 2203 917 numeri,
2258 866 2312 906 ut
2345 859 2447 920 jam
2487 860 2536 905 in

285 927 399 975 Sole
441 926 635 974 dictum.
713 926 912 974 Summa
963 926 1190 989 prodiens
1230 927 1508 988 quaerenda
1548 930 1594 974 in
1635 928 1811 977 circulo
1866 929 2102 991 cujusque
2143 937 2190 979 et
2226 940 2407 995 puncto
2449 931 2537 979 de-

288 1003 479 1061 signato
531 1002 779 1061 (manente
828 999 1020 1058 tabula,
1073 1001 1198 1046 sicut
1247 999 1380 1047 illam
1431 1003 1652 1063 superius
1702 1001 1843 1049 docui
1892 1002 2203 1066 constituere)
2243 1004 2536 1068 applicanda

283 1072 452 1136 regula
490 1074 750 1135 statimque
791 1072 1077 1120 monstrabit
1116 1073 1164 1119 in
1203 1074 1506 1121 extremitate
1542 1074 1760 1136 gradum,
1802 1077 1849 1121 in
1885 1088 1982 1137 quo
2023 1076 2190 1125 haeret
2225 1076 2438 1140 planeta.
2466 1104 2536 1114 —

758 1338 868 1386 Pro
906 1339 1296 1394 usurotulae,
1334 1348 1507 1397 quam
1546 1338 1678 1384 feci.
1729 1340 1855 1384 1621
1891 1338 2057 1396 Majo.

467 1436 515 1505 1)
555 1439 610 1487 In
651 1441 874 1489 exteriori
915 1439 1064 1487 limbo
1102 1438 1290 1487 rotulae
1315 1437 1508 1487 mobilis
1534 1452 1713 1500 quaere
1740 1438 2019 1486 distantiam
2047 1437 2174 1487 Solis
2213 1440 2275 1487 ab
2314 1453 2534 1503 apogaeo

283 1512 468 1574 Lunae,
509 1527 714 1575 eamque
754 1513 947 1575 applica
984 1511 1143 1560 lineae
1182 1526 1240 1560 ex
1280 1511 1394 1560 Sole
1431 1513 1480 1558 in
1520 1518 1732 1559 centrum
1772 1519 1907 1560 rotae
1948 1511 2270 1561 descendenti,

457 1583 507 1650 2)
547 1586 603 1633 In
646 1585 818 1635 eodem
859 1587 1081 1633 exteriori
1121 1585 1271 1632 limbo
1310 1584 1498 1632 rotulae
1535 1584 1757 1645 mobilis,
1805 1586 2046 1635 manentis
2086 1587 2135 1632 in
2175 1584 2266 1634 bac
2313 1585 2535 1649 applica-

254 1660 434 1719 tione,
489 1673 666 1721 quaere
705 1658 998 1707 anomaliam
1038 1658 1205 1706 Lunae
1255 1659 1409 1720 primo
1449 1663 1730 1719 aequatam,
1782 1660 1924 1720 eique
1975 1659 2224 1707 subscribe
2263 1660 2309 1705 in
2351 1674 2537 1723 papyro

279 1747 337 1780 ex
382 1732 531 1780 limbo
581 1734 759 1780 extimo
809 1731 1045 1779 immobili
1099 1732 1419 1779 variationem
1467 1730 1628 1788 illam,
1685 1745 1831 1792 quam
1879 1730 2081 1779 cuilibet
2137 1733 2323 1794 integro
2363 1732 2537 1793 gradui

281 1804 555 1853 anomaliae
595 1812 895 1867 coaequatae
935 1803 1183 1867 applicant
1220 1803 1429 1851 lineolae
1475 1803 1822 1851 transversales
1868 1806 2125 1851 introrsum
2165 1820 2336 1860 versus
2375 1805 2536 1854 mobi-

276 1877 617 1926 lemrotulam
656 1892 847 1926 sursum
889 1876 1090 1926 ductae:
1131 1877 1260 1925 sacta
1299 1877 1424 1924 enim
1465 1875 1712 1923 additione
1738 1875 1953 1938 prodibit
1979 1876 2145 1938 aliqua
2171 1878 2417 1926 anomalia
2443 1879 2535 1927 ab·

275 1951 451 2010 soluta,
493 1950 632 2013 cujus
672 1958 833 1999 tamen
874 1956 1088 1998 correcta
1128 1948 1371 1998 anomalia
1409 1948 1570 1997 media
1594 1948 1786 1996 demum
1816 1955 1889 1998 est
1916 1948 2212 2011 quaerenda.
2277 1950 2326 1998 Si
2357 1950 2536 2013 lineola
2620 1963 2624 1968 ·

279 2023 504 2071 deorsum
544 2025 761 2083 ducatur,
803 2030 916 2071 tunc
954 2037 1039 2086 pro
1066 2022 1219 2084 gradu
1248 2028 1575 2084 coaequatae,
1617 2021 1678 2070 ad
1708 2036 1852 2084 quam
1884 2021 2088 2083 ducitur,
2127 2023 2432 2072 scribendum
2463 2032 2535 2073 est

281 2110 378 2144 uno
418 2099 576 2144 minus
615 2105 663 2145 et
701 2096 924 2145 addenda
964 2111 1031 2144 sc.
1077 2102 1098 2144 1
1134 2095 1218 2159 (‘?).

450 2169 501 2234 3)
537 2170 661 2218 Nam
689 2185 747 2219 ex
773 2172 969 2233 regione
998 2169 1270 2218 anomaliae
1296 2174 1596 2230 coaequatae
1625 2167 1791 2216 Lunae
1819 2169 1867 2215 in
1893 2168 2041 2216 limbo
2081 2168 2305 2217 interiore
2345 2168 2533 2219 rotulae

274 2241 468 2290 mobilis
508 2243 823 2291 exscribenda
863 2249 934 2292 est
974 2257 1080 2291 cum
1121 2242 1320 2303 integris
1349 2241 1579 2304 gradibus
1619 2240 2064 2290 anomaliamedia
2102 2242 2420 2304 respondem,
2461 2245 2534 2291 ei·
2626 2247 2628 2250 ’

279 2330 371 2378 que
411 2315 635 2364 addenda
674 2316 900 2379 scrupula
941 2317 1139 2379 integris
1176 2313 1406 2378 gradibus
1445 2313 1782 2375 adhaerentia,
1839 2314 1917 2363 vel
1961 2313 2110 2378 paulo
2161 2315 2271 2377 plus
2311 2317 2532 2366 minusve

276 2403 364 2451 pro
402 2403 452 2437 re
492 2396 621 2439 nata.

450 2459 499 2527 4)
539 2462 872 2522 ConsideratO,
915 2461 1030 2524 quid
1068 2461 1131 2508 sit
1168 2459 1380 2508 medium
1420 2460 1543 2508 inter
1582 2465 1901 2522 coaequatam
1939 2461 2096 2523 primo
2136 2466 2183 2509 et
2209 2459 2418 2509 mediam
2444 2474 2532 2510 ex-

276 2535 518 2596 scriptam,
560 2535 888 2597 quaerendum
928 2542 1001 2583 est
1039 2533 1085 2580 id
1126 2532 1462 2581 intermedium
1503 2536 1718 2595 proxime
1756 2540 1868 2581 ante
1908 2533 1987 2582 vel
2024 2539 2137 2596 post
2170 2533 2274 2595 jam
2314 2535 2532 2596 exscrip-

278 2613 400 2666 tam,
443 2614 490 2655 et
531 2611 823 2671 exregione
862 2608 1006 2670 hujus
1045 2609 1091 2653 in
1131 2605 1279 2654 limbo
1319 2607 1488 2653 intimo
1529 2605 1762 2654 immobili
1803 2606 2147 2654 exscribendus
2195 2606 2529 2669 logarithmus,

278 2681 416 2741 isque
456 2679 708 2729 addendus
747 2681 886 2729 alteri
915 2678 1221 2742 logarithmo,
1262 2680 1344 2741 qui
1385 2680 1623 2741 prominet
1662 2693 1721 2727 ex
1759 2678 1936 2727 lacuna
1962 2679 2185 2727 exteriori
2214 2678 2348 2727 limbi
2375 2681 2530 2727 intimi

280 2753 567 2812 immobilis,
609 2756 846 2816 superiori
887 2753 965 2800 vel
1004 2752 1239 2811 inferiori,
1280 2758 1424 2814 prout
1463 2747 1804 2817 anomalia&
1842 2753 1889 2798 in
1929 2766 2026 2799 uno
2069 2751 2146 2800 vel
2186 2752 2338 2800 altero
2379 2755 2529 2801 semi-

282 2826 460 2874 circulo
501 2829 792 2886 constiterit,
845 2841 951 2874 cum
998 2824 1140 2872 titulo
1181 2825 1240 2872 A.
1284 2823 1362 2872 vel
1403 2824 1454 2873 S.
1509 2827 1803 2886 competenti
1853 2838 1941 2872 suo
1989 2825 2293 2872 semicirculo
2348 2818 2525 2875 indicio

277 2899 560 2947 vocularum
591 2899 650 2959 V,
676 2899 718 2947 Τ
745 2906 1026 2948 extrorsum.
1079 2893 1277 2945 Summa
1303 2896 1700 2959 logarithmorum
1737 2900 1958 2958 quaesita
1984 2899 2031 2944 in
2070 2897 2249 2946 tabella
2277 2899 2530 2960 quadrati-

275 2972 415 3019 formi
455 2971 677 3020 ostendet
703 2973 881 3035 gradus
907 2980 954 3020 et
981 2972 1167 3019 minuta
1206 2969 1315 3017 add.
1347 2969 1426 3017 vel
1465 2969 1793 3019 subtrahenda
1831 2970 2104 3019 anomaliae
2142 2970 2346 3032 mediae,
2385 2977 2530 3034 prout

283 3046 452 3093 titulus
493 3052 771 3108 competens
812 3061 869 3094 ex
908 3045 1084 3092 lacuna
1121 3044 1452 3106 prominuerit.

453 3117 501 3182 5)
541 3119 765 3181 Denique
791 3117 1027 3182 particula
1053 3131 1233 3175 exsors,
1274 3116 1550 3178 prominens
1591 3129 1648 3163 ex
1687 3114 1863 3164 lacuna
1902 3117 2100 3177 intima,
2140 3130 2226 3179 pro
2266 3115 2393 3165 tituli
2421 3118 2527 3165 exi-

275 3192 440 3252 gentia
480 3191 791 3239 subtrahatur
833 3193 907 3240 vel
949 3188 1348 3239 addatur-‚eidem
1388 3187 1662 3237 anomaliae
1700 3189 1916 3238 mediae:
1972 3197 2020 3238 et
2058 3189 2271 3252 prodibit
2310 3196 2524 3240 correcta

275 3263 436 3313 media
474 3265 769 3327 respondens
808 3271 1050 3313 correctae
1090 3269 1405 3324 coaequatae.
2586 3259 2590 3262 ’

534 3338 696 3386 Distet
735 3336 799 3401 Θ
837 3338 899 3386 ab
939 3353 1015 3399 ap.
1056 3333 1125 3402 Q
1166 3351 1248 3399 per
1291 3332 1420 3384 318⁰
1461 3335 1546 3383 56‘
1723 3334 1784 3396 Θ
1830 3340 1912 3383 11.
1953 3340 2036 3384 24.
2079 3337 2142 3384 21
2184 3338 2240 3396 ἶ)

535 3410 780 3458 Distantia
807 3407 876 3476 Q
905 3426 934 3459 a
961 3407 1029 3476 Ε)
1056 3424 1126 3471 pr.
1157 3422 1265 3471 aeq.
1332 3409 1414 3455 96.
1467 3410 1533 3455 25
1717 3405 1801 3474 Q
1831 3414 1910 3456 17.
1955 3410 2037 3457 49.
2081 3413 2142 3457 21
2191 3408 2250 3468 Υ

539 3482 714 3532 Anom.
757 3479 825 3550 Q
866 3498 935 3546 pr.
977 3489 1191 3544 aequata
1249 3518 1260 3529 .
1340 3484 1421 3530 55.
1475 3484 1558 3529 21.
1624 3483 1670 3527 Ο.
1830 3486 1913 3529 96.
1957 3485 2042 3530 25.

1046 3554 1264 3602 Variatio
1476 3556 1560 3602 52.
1591 3553 1675 3602 30.

276 3625 371 3675 Hic
409 3627 469 3676 ad
509 3629 721 3690 integros
761 3627 939 3689 gradus
982 3629 1046 3676 55
1089 3643 1147 3675 ex
1187 3627 1456 3675 variatione
1498 3622 1580 3673 52¹
1624 3626 1728 3673 58“
1768 3630 1840 3673 est
1895 3625 2103 3674 deducta
2140 3625 2340 3686 lineola,
2394 3625 2522 3673 indi-

279 3713 393 3747 cans
445 3715 529 3762 pro
581 3702 675 3750 55⁰
713 3699 760 3748 0¹
801 3700 867 3748 0“
914 3700 1221 3748 scribendum
1275 3713 1383 3747 esse
1436 3699 1718 3745 variationis
1771 3711 1920 3746 causa
1960 3696 2052 3747 54⁰
2093 3701 2176 3747 52’
2221 3700 2337 3749 58”.
2425 3697 2521 3746 Sed

278 3773 393 3833 quia
432 3773 695 3822 adhaerent
733 3773 963 3835 gradibus
1008 3778 1072 3822 55
1101 3773 1328 3835 scrupula
1368 3777 1452 3828 21,
1494 3770 1617 3818 adde
1657 3769 1741 3818 illa
1778 3777 1831 3818 ut
1870 3772 1932 3819 sit
1974 3775 2056 3822 55.
2092 3777 2171 3819 13.
2202 3775 2266 3820 58
2308 3770 2385 3819 vel
2413 3783 2522 3818 cor-

277 3846 454 3891 rectius
484 3849 564 3894 55.
611 3851 689 3894 13.
731 3851 824 3908 303
863 3845 1003 3894 haec·
1023 3852 1097 3894 est
1135 3850 1406 3908 coaequata
1445 3848 1672 3891 correcta.
1737 3842 1818 3891 Sic
1857 3858 1934 3892 an.
1967 3848 2050 3892 55.
2081 3849 2162 3892 21.
2192 3849 2221 3891 Ο
2262 3841 2534 3905 respondet<
2618 3846 2627 3862 ’

259 3915 439 3966 >media
478 3920 561 3968 59.
604 3923 685 3970 32.
728 3924 824 3984 16;
865 3919 1076 3969 medium
1115 3919 1284 3968 harum
1324 3922 1397 3967 est
1432 3913 1526 3968 57⁰
1565 3917 1668 3979 26‘,
1706 3916 1925 3966 indicans
1963 3916 2304 3980 logarithmum
2333 3916 2520 3967 90:0it-
