2652 4088
1051 129 1134 177 III.
1164 130 1499 178 Astronomica.
1543 160 1546 165 -
1859 144 1861 146 ·
2286 129 2394 187 287

132 268 357 339 ‘flentium
394 278 554 330 facere
593 277 981 342 deprehenditur,
1022 273 1086 327 et'
1107 281 1178 328 sic
1215 282 1416 330 sciretur
1438 279 1644 330 remotio
1670 276 1797 326 fixae
1835 277 1898 326 ab
1931 268 2261 350 aequiqustio,
2302 279 2393 326 etsi

43 349 47 357 '
136 351 235 400 fixa
270 351 537 402 secundum
582 358 895 415 aequatorem
940 351 1202 402 incederet.
1278 353 1345 402 At
1383 352 1592 403 artifices
1632 366 1662 400 a
1700 352 1890 400 variata
1939 344 2186 406 distantia*
2217 349 2392 406 stellae

138 425 320 488 a‘polo
360 425 606 474 deducunt
642 425 845 475 fixarum
883 423 1246 488 elongationem
1283 427 1345 475 ab
1386 426 1721 490 aequinoctiO,
1775 422 1930 472 veluti
1967 425 2010 471 si
2047 423 2172 473 fixae
2211 426 2390 473 secun-

137 497 252 545 dnm
288 497 543 547 zodiacum
577 500 717 548 irent.
792 498 855 546 Et
890 500 1174 561 priusquam
1211 499 1333 560 hoc,
1384 513 1473 547 nos
1522 500 1639 548 certi
1688 511 1793 546 esse
1833 495 2065 545 debemus
2118 496 2178 547 de
2217 496 2390 546 diurno

138 569 283 632 Solis,
324 571 456 634 quod
494 585 593 622 nou
631 585 890 634 possumus
927 572 1032 620 siue
1073 573 1350 634 cognitione
1387 572 1606 621 theoriae
1634 570 1779 620 Solis.
1829 570 1958 631 Ergo
1987 568 2245 618 methodus
2270 573 2390 619 ista:

15 688 18 706 ᾖ
142 640 192 708 1)
228 643 547 693 solstitiorum
583 644 891 706 altitudiueS,
934 642 984 710 2)
1011 647 1291 707 aequatoris
1329 644 1554 704 altitudo,
1590 643 1644 707 3)
1671 642 1757 693 Sol
1795 645 1844 689 in
1883 649 2151 704 aequatore
2189 658 2276 706 per
2313 643 2391 692 al-

40 768 43 770 ,
137 716 396 766 titudinem
434 717 540 779 ejus
578 718 912 778 meridianam,
955 718 1010 779 4)
1038 717 1124 766 Sol
1162 719 1211 765 in
1252 719 1424 768 ceteris
1462 718 1583 766 locis
1621 731 1706 780 per
1734 715 2123 776 declinationem,
2168 716 2220 780 5)
2247 715 2392 765 theo-

133 791 206 838 ria
243 789 373 838 Solis
410 791 533 838 moti
571 789 705 838 velut
744 791 805 839 ab
844 791 1183 853 aequinoctiis,
1227 788 1435 857 6)locus
1462 790 1633 839 Lunae
1671 789 1734 838 ab
1774 790 2084 851 aequinoctio
2122 803 2209 851 per
2237 789 2392 852 eclip-

17 856 19 873 ”
50 913 54 917 ,
134 863 211 910 sin
251 868 300 911 et
336 863 499 911 locum
525 861 654 911 Solis
693 866 990 926 oppositum,
1030 862 1110 912 vel
1147 879 1235 927 per
1274 864 1667 913 observationem
1708 862 1967 910 distantiae
2005 861 2177 910 Lunae
2204 877 2234 910 a
2260 861 2392 923 Sole,

140 930 196 1002 7)
234 933 372 983 locus
410 934 565 996 fixae,
608 949 737 998 quae
776 943 849 984 est
885 936 1055 986 Lunae
1093 939 1395 1000 propinqua,
1437 937 1499 984 ab
1539 936 1849 998 aequinoctio
1887 948 1974 997 per
2009 934 2168 983 locum
2207 934 2394 1007 Lunae,

20 1022 54 1058 ψ
135 1007 190 1071 8)
230 1007 336 1070 ejus
373 1007 499 1056 fixae
537 1007 799 1057 declinatio
840 1015 888 1057 et
925 1023 1011 1072 per
1046 1009 1209 1059 locum
1249 1013 1394 1060 etiam
1433 1009 1711 1071 longitudO,
1756 1007 1807 1071 9)
1833 1021 1920 1070 per
1955 1009 2274 1058 mutationem
2303 999 2391 1057 de-

47 1087 51 1091 ’
134 1081 410 1130 clinationis
448 1082 654 1138 mutatio
692 1081 789 1130 loci
826 1081 1160 1143 longitudinis,
1201 1082 1355 1131 veluti
1387 1083 1469 1145 qui
1493 1082 1584 1130 sub
1610 1081 1814 1130 zodiaco
1842 1084 1944 1141 eat,
1989 1076 2074 1145 10)
2099 1081 2269 1129 eadem
2296 1081 2392 1129 loci

20 1153 22 1165 '
46 1196 60 1209 .,
136 1153 306 1221 Lunae
333 1157 556 1215 mutatio,
595 1169 681 1217 per
704 1157 1012 1217 sequentium
1038 1156 1312 1205 seculorum
1340 1155 1546 1218 eclipses
1585 1159 1670 1203 aut
1697 1154 1977 1202 distantiam
2004 1152 2173 1202 Lunae
2201 1168 2230 1201 a
2257 1153 2388 1202 Sole.

61 1261 66 1263 Α
305 1226 405 1276 Sed
449 1233 644 1276 notetur
691 1241 868 1291 scopus
910 1227 1170 1291 Scaligeri:
1229 1228 1279 1291 1)
1320 1228 1426 1277 vult
1479 1227 1688 1290 amplius
1736 1227 1966 1290 probare,
2015 1239 2114 1273 non
2161 1226 2387 1290 progredi

22 1314 56 1326 ·
134 1299 321 1360 stellaS,
359 1300 446 1349 sed
483 1300 785 1350 retrocedere
826 1302 1028 1363 tropica,
1071 1299 1120 1363 2)
1160 1301 1267 1350 vult
1308 1315 1517 1368 „causas
1557 1301 1759 1363 aperire,
1802 1314 1928 1362 quae
1967 1297 2304 1362 Hipparchum
2342 1302 2391 1347 in

68 1369 74 1373 ”
131 1372 224 1421 hos
264 1387 475 1422 errorum
513 1389 676 1423 casses
713 1373 1024 1423 induerunt“.
1103 1372 1144 1422 Ο
1172 1376 1402 1424 miserum
1442 1373 1801 1437 Hipparchum,
1843 1377 1889 1421 et
1928 1371 2058 1434 quod
2098 1374 2301 1435 erravit,
2343 1379 2390 1422 et

135 1444 268 1509 quod
304 1454 416 1509 post
455 1446 550 1496 duo
599 1446 754 1496 millia
790 1461 1027 1496 annorum
1066 1447 1259 1496 demum
1299 1447 1361 1497 ad
1401 1448 1552 1495 incita
1591 1451 1796 1496 vocatur
1831 1460 1861 1494 a
1895 1444 2162 1508 Scaligero.
2214 1445 2388 1495 Discat

24 1511 26 1515 ’
63 1559 66 1562 .
133 1520 196 1567 ab
234 1519 320 1568 illo
360 1519 581 1604 Scaliger
619 1522 907 1583 patientiam
945 1521 1138 1582 silentii,
1180 1535 1336 1584 neque
1377 1520 1611 1569 detrectet
1650 1519 1731 1569 vel
1769 1524 1989 1568 mortuus
2029 1535 2058 1568 a
2093 1533 2171 1568 me
2213 1519 2389 1581 doceri,

24 1582 27 1599 ¹
131 1606 241 1641 cum
282 1598 332 1641 et
368 1595 474 1656 ipse
514 1593 688 1643 doceat
725 1593 1076 1658 Hipparchum,
1118 1600 1231 1643 ante
1270 1599 1342 1643 tot
1379 1593 1545 1643 secula
1583 1598 1841 1642 mortuum
2234 1620 2236 1624 -

303 1665 495 1715 Primus
535 1666 771 1730 Scaligeri
821 1673 1025 1717 conatus
1065 1669 1311 1752 impingit,
1363 1666 1475 1715 dum
1527 1665 1783 1729 distinguit
1821 1669 1944 1714 inter
1971 1668 2164 1728 puncta
2201 1666 2390 1729 tropica

28 1804 29 1807 Ἴ
95 1735 180 1793 'nt
214 1745 399 1802 puncta
436 1740 718 1803 eclipticae,
757 1745 894 1789 tanto
934 1741 1107 1803 majori
1147 1741 1433 1804 opprobriO,
1475 1739 1607 1802 quod
1645 1740 1828 1802 allegat
1866 1739 2203 1803 Hipparchum
2240 1739 2387 1801 hujus

28 1843 30 1853 ι
90 1808 354 1861 „affirmati
393 1820 655 1862 auctorem.
722 1811 828 1862 Ohe
868 1812 1100 1876 Scaliger,
1143 1829 1334 1876 semper
1369 1828 1459 1862 nos
1499 1813 1755 1876 eclipticae
1793 1818 1977 1876 puncta
2016 1811 2386 1862 denominamus

127 1890 178 1934 et
227 1899 537 1935 numeramus
575 1902 606 1935 a
642 1888 835 1950 punctis
887 1889 1103 1950 tropicis,
1178 1887 1416 1937 Nimirum
1463 1886 1557 1934 hoc
1609 1886 1827 1935 confudit
1869 1885 2199 1948 Scaligerum,
2255 1883 2386 1948 quod

29 1955 67 2026 ¹·'-
127 1958 396 2022 perpendit,
438 1959 712 2023 eclipticam
760 1974 848 2009 seu
887 1961 978 2009 iter
1017 1959 1145 2009 Solis
1194 1975 1385 2024 semper
1422 1959 1551 2011 idem
1591 1974 1719 2022 esse,
1770 1958 1857 2009 sed
1895 1961 2076 2023 apponi
2116 1961 2160 2008 ei
2199 1958 2386 2022 aliquid

125 2046 316 2095 semper
354 2032 417 2081 ad
454 2035 743 2096 principium
791 2038 1062 2082 retrocessu
1110 2036 1279 2096 puncti
1318 2033 1710 2096 aequinoctialis.
1787 2034 1868 2093 At,
1909 2048 1936 2081 ο
1976 2032 2218 2096 Scaliger,
2271 2030 2384 2081 inde

31 2100 34 2165 ζ
127 2110 216 2166 eet,
257 2105 391 2168 quod
426 2112 661 2168 punctum
687 2105 941 2170 eclipticae
970 2102 1028 2155 0⁰
1055 2102 1120 2173 {3
1151 2107 1266 2155 olim
1307 2107 1490 2156 dictum
1516 2106 1710 2155 'dicatur
1747 2105 1894 2155 hodie
1923 2103 2017 2154 28⁰
2045 2105 2236 2155 Cancri.
2288 2106 2383 2154 At-

56 2193 74 2204 ·
125 2180 210 2240 qui
249 2180 299 2225 in
338 2178 510 2228 schola
548 2180 875 2228 astronomica
913 2194 1225 2242 nequaquam
1265 2180 1395 2230 idem
1435 2185 1506 2228 est
1542 2186 1775 2242 punctum
1817 2175 1953 2245 0⁰ss
1983 2178 2097 2227 olim
2126 2185 2174 2228 et
2203 2175 2379 2245 28⁰ss

32 2251 36 2271 ¹
124 2250 286 2312 hodie,
327 2251 414 2300 sed
452 2253 676 2316 utrinque
716 2252 844 2302 idem
882 2267 1109 2302 numerus
1151 2251 1208 2302 0⁰
1236 2250 1301 2319 ὓ
1345 2258 1568 2303 censetur
1591 2254 1785 2315 signare
1812 2252 1941 2301 idem
1969 2257 2201 2315 punctum
2229 2251 2382 2316 eclip-

34 2349 37 2378 ς
124 2325 280 2387 ticae3
319 2324 444 2374 alios
481 2325 717 2389 loquendi
756 2325 926 2374 modos
965 2326 1201 2375 adhibent
1228 2327 1291 2375 ad
1319 2325 1682 2389 exprimendum
1709 2325 1816 2387 hoc,
1858 2325 1991 2389 quod
2016 2325 2121 2373 vult
2149 2324 2380 2388 Scaliger.

34 2384 38 2425 ἶ
123 2395 308 2446 Dicunt
346 2400 475 2447 enim
516 2400 612 2464 „ab
652 2398 822 2448 eodem
861 2406 1041 2462 puncto
1083 2399 1198 2463 (non
1240 2400 1517 2463 eclipticae,
1557 2394 1671 2466 sed)
1710 2399 1916 2447 fixarum
1955 2397 2016 2447 ad
2055 2397 2184 2447 idem
2221 2412 2380 2461 punc-

36 2498 38 2514 ·
123 2471 277 2519 tum“.
354 2471 437 2521 Sic
474 2471 691 2535 loquitur
728 2471 1068 2536 Hipparchus3
1109 2489 1215 2536 age,
1255 2488 1430 2537 perge,
1471 2486 1630 2536 aequo
1670 2474 1832 2521 animo
1872 2478 1919 2521 te
1958 2470 2184 2532 audiam,
2226 2470 2379 2534 eclip-

36 2530 40 2603 f
123 2544 160 2592 t·
225 2603 231 2610 ι
290 2551 473 2607 puncta
513 2545 753 2594 dicentem
790 2560 877 2608 pro
915 2546 1119 2594 fixarum
1157 2548 1375 2609 punctis,
1430 2546 1593 2609 quoad
1631 2559 1728 2594 non
1768 2560 1855 2609 per
1891 2545 2019 2594 hanc
2058 2542 2380 2609 άκυρολογιαν

108 2556 419 2754 ἔπρηξα]
460 2618 721 2670 inducaris,
796 2619 859 2667 Et
897 2618 1094 2681 quidem
1133 2619 1215 2669 fol.
1259 2625 1341 2670 41.
1386 2620 1510 2668 bene
1549 2625 1596 2668 te
1638 2618 1867 2682 explicaS,
1908 2618 1994 2668 sed
2020 2617 2105 2667 fol.
2135 2623 2218 2667 42.
2249 2617 2379 2681 Hip-

204 2691 215 2698 *
243 2690 306 2739 ho
344 2705 441 2740 non
478 2694 649 2742 merito
689 2692 1062 2754 imprudentiam
1103 2693 1290 2755 objiciS,
1333 2694 1475 2756 quasi
1512 2693 1607 2741 sibi
1634 2694 1901 2741 contrarius
1940 2693 2016 2753 sit,
2055 2709 2379 2753 μεταπτωσεις

40 2783 45 2829 3
91 2760 352 2812 .dictitans
389 2765 654 2827 stellarum,
694 2780 821 2829 quae
861 2770 973 2815 eant
1011 2767 1058 2813 in
1098 2767 1462 2829 consequentia.
1526 2766 1650 2815 Nam
1690 2771 1819 2815 recte
1857 2765 1979 2814 haec
2017 2765 2140 2813 inter
2178 2779 2229 2813 se
2256 2779 2376 2813 con-

43 2836 47 2886 ὲ
122 2837 346 2887 veniunt:
384 2839 579 2888 sienim
617 2841 909 2900 censuisset,
949 2841 1135 2888 moveri
1173 2846 1354 2904 puncta
1380 2840 1580 2904 tropica,
1621 2857 1901 2906 προηγησεις
1938 2838 2129 2886 illorum
2157 2837 2372 2899 dixisset,

44 2927 47 2961 :
124 2908 211 2959 sed
250 2911 366 2973 quia
402 2911 490 2961 illa
526 2911 638 2970 fixa,
678 2912 848 2961 stellas
886 2912 1091 2961 mobiles
1129 2912 1259 2973 facit,
1294 2914 1403 2976 jure
1443 2912 1692 2962 stellarum
1729 2913 1950 2960 nominat
1984 2928 2323 2973 μεταπτωσεις.

48 3045 49 3054 ¹
291 2983 434 3034 Bona
473 2983 531 3033 de
570 2984 779 3034 solstitio
807 2984 1072 3035 admonitio
1090 2984 1151 3050 *).
1215 2986 1303 3035 Est
1330 2988 1457 3035 euim
1484 2986 1815 3034 observationi
1842 2986 2002 3047 aptius
2028 2998 2174 3046 quam
2201 2984 2374 3045 aequi-

35 3067 67 3123 5*
118 3056 360 3180 mnam,
414 3058 528 3120 quia
566 3058 660 3107 hoc
698 3074 758 3107 cx
805 3057 923 3119 illis,
974 3059 1069 3108 hoc
1107 3073 1203 3108 non
1243 3074 1296 3108 se
1348 3061 1455 3123 ipso
1506 3058 1723 3107 notabile
1776 3060 1825 3105 in
1865 3062 2029 3107 aestus
2081 3057 2372 3115 intensione,

48 3183 50 3191 ¹
251 3127 556 3193 longitudine
594 3132 893 3194 umbraeque
932 3131 1145 3180 evidenti
1189 3131 1476 3190 discrimine,
1518 3137 1572 3179 ut
1609 3131 1716 3179 hoc.
1794 3131 1914 3179 Dies
1951 3145 1996 3177 n.
2039 3129 2266 3178 horarum
2306 3133 2369 3176 12

50 3251 51 3255 ,
118 3200 256 3251 velut
305 3203 352 3250 in
391 3204 535 3253 turba
571 3203 694 3253 latet
731 3204 970 3266 maj0rum
1009 3210 1056 3253 et
1094 3206 1359 3264 minorum,
1415 3209 1467 3252 at
1506 3203 1607 3252 dies
1647 3204 1932 3266 longissima
1977 3206 2073 3250 stat
2110 3203 2157 3248 in
2197 3201 2370 3251 limite.

50 3268 52 3277 ’
118 3269 215 3323 Sed
228 3273 359 3324 «illud
384 3282 546 3326 tamen
575 3276 852 3338 videndum,
879 3291 939 3326 ne
964 3278 1105 3325 nimis
1131 3276 1230 3325 late
1258 3276 1544 3326 extendatur
1570 3274 1671 3342 (fol.
1701 3273 1802 3341 43),
1833 3276 1946 3323 dum
1970 3276 2064 3323 ait:
2117 3273 2368 3331 „Maxima

51 3385 53 3391 .
114 3358 227 3410 pars
264 3350 513 3398 nationum
543 3349 838 3399 Graecarum
863 3351 1135 3399 reverentia
1162 3348 1403 3412 Olympici
1429 3348 1601 3397 ludicri
1629 3363 1659 3396 a
1685 3348 1893 3397 solstitio
1922 3361 2098 3395 annum
2128 3347 2367 3396 inibant.“

52 3456 54 3466 «
289 3421 400 3470 Hoc
447 3422 565 3472 solio
618 3421 742 3471 adeo
791 3422 1002 3471 breviter
1056 3421 1252 3485 expedit
1300 3436 1398 3469 rem
1439 3420 1496 3469 dc
1539 3425 1587 3471 8.
1627 3420 1751 3469 Julii
1792 3427 1839 3469 et
1879 3416 2055 3480 8⁰6⁸,
2107 3424 2160 3467 nt
2212 3421 2366 3483 primo

53 3518 55 3521 v
122 3494 279 3555 capite
334 3494 475 3543 silere
523 3494 751 3557 potuerit.
825 3494 932 3556 Ego
971 3495 1041 3542 sIc
1079 3495 1396 3556 conciperem.
1475 3493 1616 3541 Anno
1656 3491 1859 3541 Juliano
1898 3498 2024 3541 retro
2065 3497 2264 3542 extenso
2305 3492 2368 3543 ad

70 3612 72 3615 ,
117 3577 297 3615 annum
335 3582 380 3615 a.
421 3565 508 3615 Ch.
553 3572 670 3616 776.
722 3570 991 3616 currentem
1043 3564 1119 3614 dic
1161 3570 1209 3618 8.
1249 3565 1350 3615 Jul.
1394 3565 1524 3613 illius
1574 3566 1689 3614 anni
1739 3567 1788 3613 in
1826 3570 1968 3614 nocte
2018 3566 2243 3628 sequenti
2279 3579 2367 3616 ac-

55 3650 58 3705 3
117 3637 234 3688 cidit
284 3637 612 3701 novilunium,
664 3654 694 3688 a
731 3652 831 3702 qua
875 3636 952 3687 die
1004 3643 1256 3689 numerata
1308 3638 1410 3688 dics
1455 3641 1535 3688 15.
1575 3638 1623 3686 h.
1665 3653 1706 3690 c
1751 3640 1833 3687 23
1874 3636 1997 3687 Julii
2047 3637 2364 3704 plenilunium

293 3811 333 3859 ¹⁹)
363 3813 568 3862 Scaliger:
612 3812 899 3853 Vetustissimi
931 3812 1180 3853 Graecorum
1210 3812 1366 3854 nullam
1399 3812 1601 3853 rationem
1631 3812 1843 3855 habebant
1873 3813 2251 3867 aequinoctiorum,
2291 3814 2361 3854 sed

59 3884 63 3902 ⁶
115 3871 403 3924 uoletitiorum,
433 3876 604 3925 propter
636 3872 835 3925 epocham
866 3871 1179 3925 olympiadum.
