2652 4088
1064 156 1112 203 in
1141 155 1260 202 Orbe
1288 157 1458 205 Lunae.
2308 156 2377 212 93

136 311 424 372 circumfusi,
463 316 514 360 at
549 324 648 359 non
673 308 785 360 ideo
808 309 1182 359 existimationis
1207 310 1552 372 praestantiam
1582 312 1631 357 et
1656 305 1957 357 divinitatem
1983 322 2120 357 suam
2147 306 2379 372 deperdit,

134 392 189 433 ut
227 400 352 447 quae
389 384 533 451 (hanc
570 383 744 433 melius
778 382 900 432 forte
940 381 1129 446 retinet)
1171 384 1212 430 si
1250 385 1381 431 ae'ria
1418 383 1481 431 ab
1506 381 1785 430 hominibus
1824 396 1930 431 esse
1958 381 2192 443 credatur,
2235 397 2381 444 quam

134 459 177 506 si
213 461 376 521 potius
413 459 541 521 ignis
578 456 813 517 turbidus,
853 463 907 504 ut
944 455 1097 504 Stoici
1134 463 1371 517 asserunt,
1412 461 1460 504 et
1496 455 1811 503 succulentus.
1875 455 2009 518 Ignis
2049 454 2380 518 apudMedos

136 539 186 580 et
224 532 453 594 Assyrios
492 531 752 580 barbaricis
790 529 962 578 colitur
999 529 1289 590 honoribuS,
1342 529 1518 591 quibus
1556 534 1712 576 metus
1750 532 1919 576 auctor
1958 535 2030 577 est
2078 528 2267 577 colendi
2306 543 2378 589 ea,

136 618 261 666 quae
298 618 471 653 nocere
506 611 726 667 possunt,
767 617 920 665 eaque
958 616 1075 664 prae
1115 601 1255 649 bonis
1294 609 1342 650 et
1379 601 1581 650 utilibus
1620 601 1947 649 consecrandi.
2013 601 2223 651 Telluris
2264 615 2379 650 vero

134 691 313 726 nomen
350 679 506 725 cuivis
542 678 705 740 graeci
743 677 950 723 nominis
989 675 1173 722 homini
1212 676 1420 723 amicum
1459 681 1507 723 et
1544 676 1809 737 pretiosum
1858 681 1954 735 est,
2010 681 2058 722 et
2094 676 2235 724 nobis
2274 689 2380 723 mos

137 752 345 813 patriuS,
393 750 528 798 illam
577 751 728 797 instar
763 748 890 796 alius
941 747 1148 809 alicujus
1186 747 1281 796 Dei
1320 749 1551 798 venerari.
1628 746 1796 810 Longe
1835 749 1962 796 enim
1999 748 2140 797 abest
2185 754 2237 796 ut
2274 763 2379 809 noa,

137 826 222 886 qui
260 838 426 872 sumus
465 823 699 882 homines,
739 821 945 886 Lunam,
987 835 1111 883 quae
1150 827 1277 868 terra
1315 827 1389 869 est
1417 820 1676 884 olympica,
1717 827 1941 882 putemus
1969 822 2180 869 inanime
2209 835 2384 884 corpus

136 910 245 946 esse
283 903 331 944 et
367 902 526 945 mente
565 909 756 944 cassum
794 902 842 943 et
879 901 1118 943 exsortem
1156 908 1348 953 eorum,
1401 908 1603 955 quorum
1641 895 1877 955 primitias
1917 894 2025 941 Diis
2066 894 2222 942 offerri
2262 909 2382 943 con-

138 971 287 1029 venit,
326 975 426 1017 tam
465 968 527 1016 ob
563 967 737 1030 legem,
779 983 925 1030 quam
964 974 1017 1015 ut
1053 981 1139 1030 pro
1179 966 1426 1015 beneficiis
1464 972 1625 1028 grates
1665 967 1991 1028 exsolvamus,
2034 966 2240 1029 denique
2270 969 2385 1030 quia

136 1049 310 1090 natura
344 1042 519 1090 suadet
557 1042 775 1089 venerari
812 1041 891 1101 id,
932 1039 1063 1104 quod
1101 1042 1277 1088 virtute
1316 1046 1363 1087 et
1399 1041 1620 1101 potentia
1657 1046 1872 1100 praestat
1911 1047 1959 1087 et
1997 1042 2255 1101 pretiosius
2295 1047 2383 1089 est.

139 1116 312 1177 ltaque
350 1114 471 1161 nihil
509 1128 598 1162 nos
637 1116 808 1177 opinor
844 1127 1072 1176 peccare,
1113 1113 1153 1160 si
1193 1111 1382 1161 Lunam
1422 1119 1597 1160 terram
1637 1126 1741 1160 esse
1781 1111 2111 1162 defendamus.
2186 1113 2384 1162 Faciem

136 1203 252 1237 vero
291 1187 397 1249 ejus
436 1202 545 1236 eum
583 1189 632 1234 in
671 1201 878 1246 morem,
932 1201 1028 1248 quo
1079 1192 1245 1233 nostra
1282 1186 1403 1233 haec
1440 1184 1592 1233 Terra
1635 1185 1769 1232 sinus
1818 1185 1966 1234 habet
2015 1188 2262 1248 ingenteS,
2316 1188 2386 1235 sic

135 1260 269 1309 illam
308 1261 554 1309 dehiscere
591 1259 1002 1323 profunditatibus
1040 1260 1229 1321 magnis
1266 1260 1495 1320 rimisque
1534 1272 1709 1320 aquam
1749 1265 1832 1306 aut
1872 1258 2189 1322 caliginosum
2226 1262 2385 1307 a'erem

138 1335 516 1394 continentibus,
557 1336 681 1381 intra
719 1348 841 1396 quas
878 1347 974 1381 non
1014 1331 1262 1381 descendit
1298 1346 1387 1380 nec
1424 1333 1653 1395 pertingit
1690 1331 1818 1381 Solis
1856 1331 2044 1394 lumen,
2099 1331 2186 1381 sed
2225 1332 2386 1381 deficit

137 1415 186 1457 et
223 1406 502 1456 distractam
541 1409 646 1454 istis
683 1406 804 1455 locis
842 1407 1256 1469 repercussionem
1294 1410 1524 1468 praestat.

306 1479 403 1529 Hic
450 1481 778 1543 interloquens
829 1478 1262 1542 ApollonideS,
1317 1477 1516 1538 exinde,
1570 1479 1751 1541 inquit,
1805 1478 2001 1541 appello
2053 1477 2177 1527 hanc
2228 1480 2387 1542 ipsam

137 1553 348 1613 Lunam,
403 1554 638 1616 possibile
675 1555 817 1602 nobis
857 1552 1126 1612 videbitur,
1178 1558 1484 1614 rupturarum
1524 1551 1826 1614 quarundam
1866 1558 1914 1601 et
1953 1554 2242 1615 voraginum
2282 1555 2387 1601 exi-

16 1638 18 1700 ξ
65 1692 68 1694 v
135 1635 261 1675 stere
301 1627 520 1687 umbras,
573 1634 719 1689 atque
770 1626 884 1675 inde
921 1626 1016 1675 huc
1053 1627 1327 1688 pertingere
1366 1625 1428 1672 ad
1468 1627 1642 1673 visum.
1719 1625 1795 1672 An
1835 1625 2018 1673 nullam
2074 1626 2204 1688 ejuS,
2259 1626 2391 1688 quod

136 1699 250 1748 inde
277 1702 602 1762 consequitur,
629 1702 865 1748 rationem
893 1698 1123 1747 habetis?
1162 1698 1324 1762 Atque
1352 1698 1457 1760 Ego
1485 1698 1577 1747 hoc
1603 1700 1777 1761 ipsum,
1817 1700 2030 1761 inquam,
2071 1700 2223 1747 dicito.
2282 1699 2388 1748 Etsi

135 1788 232 1821 non
271 1775 519 1836 ignoratiS‚
559 1777 706 1833 pergit
734 1776 824 1833 ille,
863 1772 1027 1820 audite
1067 1780 1244 1820 tamen.
1310 1772 1561 1820 Diameter
1588 1772 1756 1821 Lunae
1797 1774 1843 1819 in
1885 1772 2116 1820 mediocri
2156 1772 2388 1821 distantia

134 1847 515 1909 magnitudinem
553 1847 703 1895 habet
739 1854 1054 1909 apparentem
1093 1845 1348 1894 duodecim
1388 1845 1672 1907 digitorum,
1727 1846 2026 1895 macularum
2066 1859 2183 1894 vero
2222 1848 2389 1908 nigra-

134 1935 239 1968 rum
279 1927 327 1968 et
362 1921 699 1968 umbrosarum
745 1919 1096 1982 unaquaelibet
1145 1918 1290 1967 latior
1327 1926 1530 1982 apparet
1578 1921 1777 1968 semisse
1828 1919 1991 1982 digiti,
2039 1925 2093 1967 ut
2129 1920 2198 1967 ita
2236 1920 2392 1982 major

136 1995 200 2041 sit
236 1994 467 2041 vicesima
506 2002 680 2056 quarta
719 1993 940 2042 diametri
980 1998 1133 2055 parte.
1188 1992 1340 2054 Atqui
1379 1994 1420 2040 si
1459 1998 1645 2040 tantum
1685 1995 1919 2041 tricenum
1958 1992 2162 2040 millium
2201 1993 2389 2042 stadio-

135 2081 240 2114 rum
277 2067 512 2115 faciamus
551 2067 785 2115 ambitum
812 2067 999 2126 Lunae,
1040 2065 1328 2114 diametrum
1366 2080 1481 2115 vero
1511 2065 1675 2115 decem
1715 2066 1934 2126 millium,
1976 2066 2241 2116 secundum
2270 2068 2389 2116 sub-

131 2139 315 2202 jectum
354 2139 448 2189 boc
485 2154 581 2188 non
620 2142 776 2188 minor
816 2145 944 2189 esset
983 2140 1259 2202 quingentis
1298 2138 1468 2187 stadiis
1509 2139 1758 2202 quaelibet
1796 2141 2128 2189 umbrosarum
2167 2140 2388 2189 macula-

134 2227 256 2262 rum.
333 2213 460 2261 Vide
499 2216 645 2276 igitur
681 2215 915 2277 primum,
969 2227 1030 2260 an
1070 2214 1132 2261 sit
1170 2212 1432 2275 possibile,
1484 2212 1653 2262 Lunae
1692 2219 1853 2262 tantas
1893 2228 1999 2262 esse
2036 2213 2390 2277 profunditates

136 2292 186 2337 et
221 2293 383 2335 tantas
432 2289 745 2350 asperitateS,
797 2293 850 2335 ut
888 2292 1073 2335 tantam
1121 2285 1333 2334 efficiant
1378 2286 1620 2349 umbram3
1676 2286 1847 2336 deinde
1897 2287 2142 2350 quomodo
2190 2286 2295 2348 fiat,
2347 2289 2390 2336 si

135 2364 302 2408 tantae
339 2367 452 2408 sunt
478 2360 824 2423 magnitudine,
865 2370 919 2409 ut
941 2368 1094 2408 tantae
1133 2374 1228 2407 non
1269 2359 1524 2408 videantur
1563 2375 1593 2408 a
1626 2360 1782 2411 nobiS.
1835 2361 1954 2424 Ego
1994 2375 2110 2410 vero
2136 2360 2389 2410 subridens

138 2432 210 2480 illi
248 2441 421 2493 macte,
462 2433 586 2494 dicO‚
626 2442 814 2497 reperta
853 2433 1263 2482 demonstratione
1301 2432 1619 2493 nobilissima,
1660 2447 1688 2481 o
1729 2432 2051 2501 Apollonida,
2092 2449 2189 2497 qua
2227 2440 2276 2483 et
2313 2449 2389 2483 me

138 2511 187 2555 et
222 2512 270 2555 te
308 2509 466 2570 ipsum
506 2507 857 2556 demonstrabis
893 2509 1214 2570 proceriorem
1252 2520 1357 2554 esse
1396 2506 1652 2555 Aloidibus
1687 2506 1816 2568 illis,·
1841 2522 1936 2556 non
1964 2507 2013 2555 id
2042 2507 2237 2571 quidem
2265 2523 2390 2571 qua-

137 2580 211 2627 vis
251 2580 346 2628 diei
385 2579 528 2640 bora,
570 2581 655 2629 sed
694 2583 903 2629 maxime
942 2595 1083 2629 mane
1123 2586 1170 2629 et
1207 2581 1412 2642 vesperi.
1491 2581 1565 2627 An
1607 2582 1883 2642 existimas»,
1927 2595 2034 2629 cum
2075 2581 2160 2630 Sol
2197 2589 2390 2631 nostras

137 2651 378 2702 describat
415 2655 610 2702 umbras
647 2654 1025 2718 prolixissimas,
1073 2653 1202 2715 quod
1243 2655 1283 2700 is
1322 2653 1623 2716 praeclarum
1662 2655 1805 2702 istum
1845 2654 2184 2718 syllogismum
2223 2656 2388 2704 sensui

135 2725 438 2789 suppeditet,
478 2729 519 2774 si
546 2742 773 2790 magnum
799 2729 862 2775 sit
891 2727 1020 2790 quod
1047 2727 1381 2788 obumbratur,
1422 2727 1579 2789 majus
1605 2726 1755 2776 multo
1797 2743 1903 2778 esse
1943 2728 2075 2790 quod
2116 2729 2387 2777 obumbrat.

136 2797 193 2846 In
232 2800 415 2848 Lemno
455 2807 531 2848 sat
569 2803 670 2849 scio
709 2807 930 2849 neutrum
968 2808 1183 2849 nostrum
1223 2800 1387 2861 fuisse,
1427 2807 1639 2849 attamen
1672 2801 1942 2863 jambicum
1982 2801 2127 2864 illud,
2170 2801 2300 2865 quod
2340 2803 2388 2848 in

137 2883 219 2922 ore
259 2876 473 2929 omnium
512 2881 586 2923 est
620 2874 1077 2937 frequentissimum,
1116 2880 1320 2936 uterque
1358 2875 1553 2937 saepius
1592 2874 1895 2923 audivimus:

731 2983 888 3032 Athos
924 2983 1061 3033 bovis
1098 2984 1231 3032 latus
1268 2983 1500 3034 recondet
1536 2983 1795 3034 Lemniae.

309 3091 598 3155 Assequitur
624 3092 750 3141 enim
775 3093 947 3141 umbra
970 3094 1163 3154 montis,
1204 3099 1258 3142 ut
1285 3093 1487 3154 videtur,
1528 3108 1733 3142 aeneum
1773 3092 2016 3156 quoddam
2055 3093 2196 3141 bovis
2233 3093 2389 3141 simu-

134 3165 342 3225 lacrum,
369 3174 569 3215 extensa
594 3180 679 3228 per
708 3180 838 3214 mare
866 3167 913 3213 in
939 3166 1290 3229 longitudinem
1316 3181 1411 3215 non
1437 3169 1668 3215 minorem
1708 3166 1877 3215 stadiis
1916 3167 2246 3230 septingentis.
2300 3163 2388 3232 (At

138 3252 235 3288 non
275 3238 386 3287 ideo
411 3245 597 3286 tautam
622 3239 853 3287 faciemus
880 3237 1031 3304 illam)
1058 3238 1384 3299 altitudinem,
1427 3255 1551 3302 quae
1579 3241 1797 3287 umbram
1825 3240 2041 3302 projicit,
2084 3240 2199 3301 quia
2225 3253 2388 3288 reces-

70 3303 74 3325 ³
138 3326 222 3361 sus
248 3310 441 3359 luminis
467 3311 648 3359 faciunt
673 3312 948 3359 umbrarum
974 3311 1327 3374 longitudinem
1353 3318 1565 3361 staturae
1592 3326 1844 3374 corporum
1882 3312 2213 3374 multiplicem.
2277 3310 2388 3360 Huc

138 3386 286 3447 igitur
323 3398 441 3446 age,
495 3383 746 3431 considera
784 3385 931 3432 etiam
968 3386 1015 3430 in
1054 3384 1218 3444 Luna,
1268 3384 1463 3446 quando
1504 3384 1586 3433 illa
1622 3385 1766 3447 pleno
1808 3391 1880 3433 est
1918 3384 2055 3432 vultu
2095 3390 2142 3433 et
2178 3386 2388 3434 maxime

143 3455 446 3506 articulatam
484 3462 814 3518 repraesentat
840 3455 1041 3518 figuram
1078 3456 1220 3504 faciei
1259 3464 1452 3519 propter
1479 3458 1676 3506 umbrae
1701 3457 2101 3520 profunditatem,
2141 3460 2388 3518 considera,

143 3532 349 3589 inquam,
402 3527 564 3577 Solem
601 3529 809 3576 maximo
849 3529 1014 3577 itidem
1053 3542 1165 3577 arcu
1193 3529 1522 3579 absistentem.
1573 3530 1697 3577 Nam
1723 3532 1867 3579 etiam
1895 3530 1974 3579 hic
1999 3545 2216 3580 recessus
2243 3530 2389 3579 lumi-

139 3604 217 3651 nis
267 3602 484 3650 umbram
532 3615 760 3663 magnam
810 3599 980 3661 efficit,
1039 3615 1134 3649 non
1186 3601 1317 3663 ipsas
1376 3602 1732 3663 magnitudines
1783 3602 2184 3666 inaequalitatum
2243 3619 2390 3668 supra

142 3673 331 3724 Lunam
357 3675 649 3724 exstantium
665 3669 747 3742 ⁵⁰).
811 3673 1067 3722 Enimvero
1092 3687 1152 3722 ne
1179 3675 1413 3722 montium
1453 3674 1646 3737 quidem
1680 3678 1953 3723 nostratium
1996 3677 2186 3727 excelsa
2225 3677 2282 3727 de
2311 3677 2389 3727 die

144 3761 175 3797 a
210 3750 352 3797 nobis
403 3749 615 3810 conspici
667 3753 870 3809 possunt
922 3747 984 3795 ob
1023 3746 1151 3796 Solis
1201 3747 1511 3796 circumfusos
1562 3748 1868 3811 splendores,
1923 3765 2030 3798 cum
2080 3750 2189 3799 loca
2226 3757 2387 3799 tamen

142 3821 380 3884 profunda
418 3827 466 3869 et
503 3834 639 3880 cava,
680 3820 866 3868 etiamsi
905 3821 1002 3867 sint
1041 3820 1280 3880 umbrosa,
1320 3826 1572 3869 cernantur
1598 3836 1623 3869 e
1650 3822 1915 3884 longinquo
1933 3818 2014 3888 ⁶⁰).
2076 3823 2208 3873 Nihil
2242 3826 2388 3886 igitur

144 3900 220 3944 est
254 3892 466 3956 absurdi,
506 3895 598 3943 etsi
633 3894 780 3942 etiam
807 3892 990 3955 Lunae,
1029 3894 1312 3957 excipientis
1349 3892 1478 3943 Solis
1515 3893 1691 3957 radios,
1730 3894 2019 3946 illuminatio
2050 3897 2246 3960 quidem
2285 3896 2386 3945 dis-
