2652 4088
861 166 1010 218 Notae
1040 169 1088 219 in
1117 169 1349 218 Somnium
1378 167 1762 217 Astronomicum.
2369 162 2438 224 59

358 317 458 368 174.
490 318 640 366 Thule
669 331 751 366 seu
780 318 995 377 lundis,
1027 319 1108 366 sed
1137 331 1194 367 ex
1225 317 1345 366 falsa
1373 317 1640 377 hypothesi,
1673 315 1803 374 quasi
1834 314 1956 363 sicca
1987 313 2244 374 superficiei
2274 313 2440 360 Terrae

177 391 332 431 essent
361 385 623 430 obscuriora
653 384 865 433 humidi&

350 450 451 496 175.
482 450 535 495 In
566 463 785 497 oceanum
815 449 1232 507 septentrionalem

350 517 451 562 176.
483 516 761 561 Exti-emitas
799 514 911 579 disci
939 515 1110 561 Volvae
1146 517 1347 573 tangitur
1376 527 1404 560 a
1433 515 1578 573 polari
1620 514 1802 561 arctico.
1864 513 2065 559 Islandia
2094 527 2201 560 vero
2233 512 2442 569 subjacet

177 579 345 638 polari,
385 595 526 639 quare
555 582 603 628 in
633 569 926 638 unaqualibet
956 582 1260 629 turbinatione
1291 580 1461 626 Volvae
1506 580 1644 627 semel
1673 581 1720 625 in
1750 579 2083 626 extremitatem
2124 579 2236 626 disci
2266 577 2439 636 incidit,

179 646 287 696 Sole
316 648 365 695 in
394 650 571 695 Canem
601 655 826 693 versante.

353 715 439 760 177
483 714 546 760 Ut
575 713 772 758 Numero
810 713 892 759 169
921 717 969 758 et
996 712 1094 759 164.

355 780 453 829 1¹18.
483 778 648 824 Valent
680 777 798 822 enim
827 777 940 825 haec
971 777 1202 836 ἁναπαλιν,
1237 778 1275 823 si
1297 778 1375 825 Sol
1406 779 1452 823 in
1475 778 1647 824 Cancro
1679 776 1888 822 omnibus
1919 777 2252 824 habitatoribus
2283 775 2443 822 circuli

176 843 346 902 polaris
375 853 597 901 perpetuo
628 849 818 901 apparet
853 857 936 901 per
972 849 1114 888 totam
1147 843 1484 890 conversionem
1515 843 1648 899 primi
1686 842 1887 898 mobilis3
1932 856 2039 899 ergo
2079 843 2213 888 etiam
2246 841 2442 887 circulus

177 911 374 957 arcticus
413 923 494 956 seu
524 908 618 956 Soli
649 923 728 955 seu
762 908 894 955 oculo
926 910 1175 957 constituto
1217 911 1264 956 in
1303 910 1422 955 linea
1452 923 1536 966 per
1565 914 1722 954 centra
1754 908 1871 954 Solis
1903 913 1950 953 et
1980 910 2147 955 Terrae
2187 908 2347 962 ducto,
2391 912 2443 952 ut

178 981 285 1022 sunt
314 975 552 1024 lunicolae.
583 975 822 1032 apparebit
851 984 1087 1035 perpetuo.

359 1041 450 1087 179.
487 1040 759 1099 superficies
790 1044 908 1087 enim
939 1056 1023 1101 per
1051 1049 1207 1090 centra
1236 1043 1397 1087 Lunae
1429 1047 1476 1086 et
1497 1041 1664 1086 Terrae
1696 1040 1847 1096 ducta,
1878 1039 2014 1084 rectis
2046 1039 2226 1097 angulis
2256 1040 2443 1085 circum-

178 1106 416 1152 ferentiam
456 1106 694 1164 eclipticas
732 1118 914 1164 secans,
955 1108 1121 1154 transit
1160 1114 1269 1154 tunc
1311 1107 1443 1153 etiam
1486 1119 1570 1163 per
1605 1105 1737 1162 polos
1775 1104 2094 1150 turbinationis
2136 1103 2319 1149 Volvae.
2381 1105 2443 1148 At

178 1171 282 1217 Sole
311 1171 357 1216 in
388 1171 568 1228 punctis
598 1172 1003 1229 aequinoctialibus
1036 1177 1256 1221 versante.
1288 1172 1421 1230 polus
1450 1169 1620 1216 Volvae
1642 1174 1734 1213 stat
1765 1170 1822 1214 ad
1853 1171 1990 1227 huJus
2022 1169 2278 1226 superficiei
2308 1169 2443 1214 latus,

175 1237 336 1293 Itaque
366 1244 583 1295 aequator
604 1238 774 1284 Volvae
795 1239 988 1298 obliquis
1019 1239 1197 1296 angulis
1227 1244 1336 1284 tunc
1366 1237 1422 1282 ab
1455 1250 1508 1282 ea
1529 1242 1725 1282 secatur.
1769 1236 1857 1282 Est
1879 1245 2029 1281 autem
2055 1235 2323 1293 jticundum,
2355 1234 2443 1280 boo

175 1301 294 1350 idem
325 1303 555 1350 observari
586 1303 721 1353 etiam
750 1305 797 1351 in
828 1305 971 1362 ipsius
994 1305 1111 1352 Solis
1143 1305 1344 1362 maculis,
1377 1310 1428 1349 ut
1456 1303 1502 1347 in
1535 1301 1729 1359 epistola
1759 1302 1817 1347 ad
1849 1302 2132 1346 Bartschium
2164 1313 2281 1345 anno
2315 1300 2442 1347 1629.

174 1366 232 1413 de
251 1367 486 1416 Illustriss.
517 1370 570 1417 P.
592 1376 639 1417 et
656 1371 716 1417 D.
733 1372 789 1419 1).
821 1370 1020 1429 Philippi
1049 1371 1241 1419 Hassiae
1271 1368 1543 1427 Landgravii
1573 1366 2170 1425 observationibussscripsi.
2203 1366 2322 1423 (Vol.
2347 1368 2439 1409 vn.

175 1447 222 1491 p.
252 1435 377 1492 581.)

349 1502 449 1549 180.
481 1503 604 1553 Polis
634 1505 805 1553 Volvae
846 1517 956 1551 suae
997 1515 1187 1551 necesse
1226 1508 1296 1549 est
1333 1502 1558 1549 lunicolae
1599 1506 1772 1546 motum
1810 1512 2011 1544 annuum
2041 1497 2291 1554 ascribant,
2336 1496 2443 1553 quia

178 1567 403 1626 nesciunt,
443 1579 492 1612 se
532 1581 624 1615 una
661 1582 762 1615 cum
792 1571 940 1617 Volva
970 1584 1052 1617 sua
1092 1577 1218 1617 motu
1259 1582 1410 1616 annuo
1456 1570 1541 1615 sub
1571 1568 1674 1614 fixis
1717 1567 1999 1613 circumvehi.
2063 1566 2164 1611 Etsi
2195 1565 2313 1610 enim
2345 1562 2443 1608 axis

179 1633 348 1680 Terrae
376 1647 459 1693 per
483 1642 628 1682 totum
659 1650 827 1683 annum
859 1637 1004 1697 vergit
1036 1637 1094 1684 ad
1125 1637 1307 1684 easdem
1327 1636 1459 1689 fixas,
1493 1636 1599 1694 quia
1629 1641 1781 1681 tamen
1812 1634 1982 1680 distant
2011 1631 2078 1677 illi
2108 1645 2136 1676 a
2166 1630 2271 1689 polo
2304 1628 2442 1685 eclip-

176 1699 308 1755 ticae,
340 1699 481 1744 Terra
510 1714 616 1746 vero
646 1716 747 1748 cum
777 1704 909 1749 Luna
941 1718 1022 1762 per
1043 1704 1295 1762 eclipticam
1326 1703 1567 1760 invehitur,
1602 1715 1779 1759 semper
1800 1700 2053 1757 aequaliter
2084 1699 2281 1744 distante
2302 1697 2444 1741 Terra

178 1778 206 1810 a
235 1765 352 1823 polis
383 1765 631 1824 eclipticas,
663 1774 710 1814 at
740 1783 861 1815 nunc
891 1770 1238 1828 propinquante·
1254 1767 1359 1814 fixis
1391 1768 1493 1824 illis,
1526 1767 1610 1813 sub
1643 1768 1808 1824 quibus
1841 1772 1911 1811 est
1940 1766 2111 1811 Volvae
2141 1763 2289 1823 polus,
2322 1775 2443 1808 nunc

181 1831 440 1878 discedente
470 1832 528 1878 ab
558 1833 669 1891 illis,
714 1834 766 1879 fit
797 1840 848 1879 ut
880 1834 1007 1880 locus
1039 1835 1132 1893 poli
1165 1834 1336 1881 Volvae
1364 1834 1562 1882 vicissim
1594 1833 1658 1878 cis
1691 1841 1735 1878 et
1767 1833 1890 1878 ultra
1919 1832 2074 1890 polum
2107 1830 2342 1888 eclipticas
2371 1841 2444 1873 ve-

179 1897 277 1943 nire
307 1903 354 1944 et
382 1898 447 1944 sic
477 1899 598 1944 circa
628 1911 707 1944 eos
738 1900 973 1945 circumire
1003 1900 1223 1946 videatur.

356 1964 451 2009 181.
485 1963 693 2009 Varietas
738 1964 944 2010 diametri
976 1965 1145 2010 Volvae
1184 1966 1417 2023 inspectae
1456 1977 1513 2009 ex
1544 1964 1676 2011 Luna
1716 1963 1897 2008 omnino
1941 1964 2099 2009 eadem
2132 1967 2226 2019 est,
2268 1973 2385 2018 quae
2417 1974 2444 2006 a

175 2027 305 2073 nobis
332 2034 568 2086 reputatur
596 2029 882 2087 parallaxeos
912 2031 1087 2077 Lunae.
1147 2031 1235 2076 Est
1266 2045 1371 2087 ergo
1412 2030 1743 2075 semidiameter
1771 2029 1943 2074 Volvae
1975 2041 2204 2087 apogaeae
2236 2028 2307 2074 58¹
2337 2027 2439 2085 22¹¹,

178 2094 430 2152 perigaeae,
463 2109 563 2141 cum
597 2096 674 2140 Sol
705 2095 852 2149 velox,
884 2097 954 2142 63‘
985 2099 1095 2154 41‘¹,
1137 2111 1239 2144 cum
1269 2097 1400 2145 uobis
1441 2096 1487 2142 in
1518 2109 1720 2154 apogaeo
1753 2095 2085 2143 semidiameter
2115 2096 2273 2140 Lunae
2304 2105 2443 2151 appa-

176 2166 278 2206 reat
312 2162 391 2217 15¹,
424 2161 556 2218 cujus
587 2161 892 2221 quadruplum
923 2167 995 2208 est
1024 2164 1109 2209 60¹.

352 2226 449 2271 182.
481 2227 631 2272 Solem
671 2227 803 2272 nobis
842 2229 955 2285 tegit
994 2229 1151 2284 Luna,
1188 2229 1365 2274 Lunam
1406 2228 1729 2276 obumbramus
1769 2241 1854 2273 nos
1892 2227 2003 2284 ipsi,
2042 2226 2131 2272 hoc
2173 2230 2243 2271 est
2282 2224 2443 2280 globus

177 2290 344 2336 Terrae
373 2298 541 2338 noster.
603 2292 818 2339 Similiter
845 2299 1049 2340 nostram
1081 2293 1288 2351 Terram,
1329 2294 1375 2339 id
1414 2300 1484 2340 est
1526 2307 1654 2340 suam
1686 2293 1875 2339 Volvam
1914 2292 1976 2337 ibi
2017 2293 2288 2338 obumbrant
2328 2289 2443 2336 luni-

179 2356 307 2403 colae
337 2359 440 2415 ipsi,
472 2358 518 2403 id
551 2363 621 2402 est
649 2358 778 2404 Luna
811 2372 907 2414 sua,
940 2359 1015 2405 hic
1046 2359 1197 2405 Solem
1226 2359 1338 2417 ipsis
1370 2360 1527 2407 adimit
1556 2360 1700 2405 Volva
1731 2373 1813 2406 sua
1844 2372 1925 2404 seu
1958 2359 2099 2404 Terra
2128 2364 2296 2404 nostra.

357 2424 453 2470 183.
483 2424 633 2470 Pallet
663 2430 815 2470 tamen
846 2426 982 2470 etiam
1014 2439 1154 2484 penes
1185 2439 1268 2471 nos
1299 2431 1408 2471 tunc
1437 2426 1592 2484 Luna,
1632 2426 1876 2485 praecipue
1907 2438 1998 2482 qua
2027 2431 2156 2482 parte
2188 2423 2444 2470 viciniorem

179 2487 319 2535 babet
347 2490 567 2536 umbram.

357 2560 450 2605 184,
485 2558 614 2603 Tunc
646 2558 826 2614 quando
858 2564 1063 2605 centrum
1085 2560 1377 2617 penumbrae‚
1410 2560 1532 2617 quod
1554 2559 1822 2616 plerumque
1842 2558 2073 2603 obtinetur
2093 2571 2121 2603 a
2141 2569 2264 2602 mera
2285 2554 2445 2602 umbra

179 2621 353 2680 Lunae,
386 2637 477 2669 non
507 2624 758 2680 ingreditur
788 2625 963 2671 discum
994 2627 1175 2680 Terrae,
1206 2632 1284 2671 aut
1315 2626 1451 2672 etiam
1473 2626 1655 2683 quando
1677 2625 1938 2682 ingreditur,
1972 2625 2129 2670 umbra
2159 2638 2265 2670 vero
2286 2625 2444 2669 Lunae

178 2687 306 2732 nulla
346 2695 436 2745 est,
482 2690 563 2735 sed
594 2690 789 2736 circulus
827 2691 883 2736 de
915 2691 1021 2737 Sole
1060 2698 1211 2737 manet
1252 2692 1473 2737 residuus.
1538 2692 1642 2736 Etsi
1684 2703 1790 2735 vero
1821 2691 1867 2735 in
1898 2691 2043 2747 primo
2077 2704 2187 2735 casu
2217 2687 2442 2735 lunicolae

179 2753 348 2802 nullam
377 2754 531 2802 vident
559 2756 761 2802 umbram
791 2758 1040 2815 plenariam
1070 2759 1117 2804 in
1149 2759 1275 2804 disco
1306 2771 1417 2803 suae
1442 2757 1625 2805 Volvae.
1656 2757 1811 2803 vident
1839 2760 1992 2800 tamen
2025 2757 2072 2800 in
2104 2755 2203 2832 eJus
2235 2751 2444 2799 extremi-

179 2826 297 2874 tate,
328 2833 463 2877 quam
495 2822 745 2879 penumbra
774 2831 989 2882 occupat,
1027 2824 1247 2883 pallorem
1278 2824 1476 2881 aliquem
1509 2829 1555 2867 et
1584 2823 1934 2879 obscuritatem3
1977 2827 2057 2867 aut
2096 2822 2134 2865 si
2165 2821 2212 2866 in
2243 2819 2443 2866 secundo

180 2898 289 2930 casu
319 2892 522 2932 centrum
552 2888 736 2933 umbrae
774 2889 838 2934 sic
870 2898 1180 2948 comparatum
1211 2896 1516 2948 pertranseat,
1558 2888 1713 2934 vident
1751 2889 1956 2933 umbram
2003 2879 2294 2945 semiplenam
2325 2887 2445 2931 circa

180 2959 398 3008 centrum,
429 2955 562 3011 quasi
591 2967 619 3000 a
648 2967 752 3001 rara
781 2954 947 3000 nebula
977 2963 1058 3001 aut
1088 2970 1115 3002 a
1146 2956 1246 3002 velo
1283 2955 1540 3014 pellucente
1565 2954 1736 3010 jactam
1768 2965 1958 3010 eamque
1987 2954 2261 2997 incertorum
2292 2950 2442 2995 termi-

179 3031 353 3068 norum.
386 3034 476 3068 nou
508 3033 640 3069 secus
672 3033 727 3067 ac
756 3033 898 3078 penes
930 3036 1012 3068 nos
1043 3024 1091 3068 in
1111 3023 1266 3069 Terris
1287 3022 1410 3080 pilae
1438 3035 1496 3067 ex
1518 3021 1624 3066 altis
1655 3020 1858 3065 turribus
1882 3018 2062 3063 umbras
2085 3031 2175 3062 non
2198 3015 2441 3073 plenarias,

179 3084 259 3133 aad
289 3085 429 3133 radiis
459 3085 576 3133 Solia
607 3084 774 3132 dilutas
806 3090 1052 3146 projiciunt
1082 3090 1127 3134 in
1159 3089 1407 3146 subjectam
1439 3087 1688 3145 planitiem.

355 3153 452 3198 185.
487 3152 549 3198 Ut
578 3157 729 3197 tamen
761 3165 852 3197 non
885 3154 1179 3205 obliviscaris,
1213 3155 1372 3200 eodem
1402 3152 1618 3210 temporis
1651 3150 1840 3197 articulo
1862 3148 1992 3195 nobis
2022 3161 2124 3194 esse
2148 3146 2441 3204 novilunium,

181 3230 271 3275 quo
302 3218 412 3277 ipsis
442 3217 777 3274 plenivolvium,
809 3217 938 3263 nobis
969 3219 1280 3277 plenilunium,
1312 3232 1402 3275 quo
1433 3219 1545 3274 ipsis
1575 3215 1892 3263 novivolvium.

362 3285 456 3330 186.
489 3282 670 3339 Quippe
707 3282 860 3329 discus
903 3284 1070 3330 Terrae
1109 3288 1213 3343 (seu
1245 3286 1415 3331 Volvae
1454 3284 1678 3341 ipsorum)
1723 3282 2104 3328 semidiametrum
2148 3277 2286 3324 habet
2323 3278 2441 3323 inter

179 3351 253 3398 63¹
280 3350 366 3395 di‘¹
397 3355 444 3394 et
474 3350 542 3395 58·
573 3349 673 3404 221‘,
707 3348 864 3394 umbra
894 3363 1000 3396 vero
1033 3351 1211 3404 Lunae,
1253 3365 1371 3410 quae
1411 3358 1624 3396 causatur
1654 3349 1862 3395 lunicolis
1895 3346 2085 3402 eclipsin
2116 3358 2225 3390 suae
2255 3344 2439 3401 Volvae,

179 3414 237 3459 ob
267 3413 617 3472 magnitudinem
651 3411 768 3455 Solis
800 3419 1061 3459 attenuatur
1099 3429 1125 3459 a
1157 3417 1286 3461 Luna
1324 3428 1470 3473 usque
1509 3416 1566 3460 ad
1606 3416 1780 3461 discum
1810 3414 1995 3470 Volvae,
2039 3419 2089 3457 ut
2119 3424 2350 3468 nunquam
2381 3411 2441 3456 sit

182 3482 343 3539 majori
375 3480 704 3526 semidiametro
736 3490 871 3533 quam
906 3482 942 3525 1’
972 3480 1076 3535 22”,
1108 3493 1246 3538 saepe
1276 3481 1419 3527 nulla.

357 3548 456 3594 187.
489 3545 733 3599 Nunquam
763 3542 910 3597 major
938 3544 1114 3591 scilicet
1142 3553 1272 3601 parte
1305 3544 1651 3603 quadragesima
1680 3549 1812 3589 sexta
1844 3544 1900 3591 de
1931 3544 2149 3591 diametro
2180 3542 2366 3590 Volvae.

359 3613 455 3661 188.
487 3610 682 3666 Propter
712 3606 1060 3655 deminutionem
1091 3611 1316 3658 radiorum
1339 3613 1566 3657 solarium.
1617 3612 1818 3668 Respexi
1848 3610 1904 3655 ad
1938 3622 2004 3665 ea,
2037 3621 2154 3666 quae
2183 3609 2230 3655 in
2261 3622 2439 3655 camera

178 3682 335 3728 clausa
366 3677 599 3730 eveniunt,
644 3671 749 3717 Sole
779 3686 861 3729 per
892 3676 1259 3731 angustissimum
1290 3677 1494 3722 foramen
1532 3677 1791 3724 irradiante.
1855 3675 1945 3722 Sed
1976 3675 2037 3720 ibi
2067 3673 2244 3721 fimbria
2273 3674 2438 3721 rubere

180 3746 311 3799 solet,
341 3743 448 3802 qnia
477 3742 742 3786 circumstat
772 3749 871 3782 eam
892 3754 1015 3785 mera
1044 3742 1205 3788 umbra
1226 3742 1465 3799 lumenque
1489 3742 1605 3789 Solis
1634 3744 1755 3788 intra
1784 3741 2006 3788 fimbriam
2029 3747 2126 3797 est,
2160 3741 2436 3798 comparatio

180 3810 430 3859 evidentior
459 3814 542 3856 est.
604 3807 666 3850 At
693 3804 741 3849 in
771 3801 899 3851 disco
929 3807 1100 3855 Volvae
1131 3808 1288 3855 umbra
1318 3809 1475 3855 Lunae
1519 3815 1590 3855 est
1618 3809 1740 3855 intus
1773 3815 1818 3855 et
1847 3809 2226 3855 contemtissimae
2259 3809 2436 3865 quanti-

180 3878 311 3936 tntis,
350 3875 461 3926 foris
498 3887 604 3923 vero
643 3877 769 3922 totus
799 3873 971 3921 Volvae
1011 3874 1163 3923 discus
1201 3874 1559 3934 lucet.1taque
1598 3875 1772 3925 rubedo
1801 3875 1849 3922 in
1879 3875 2216 3934 comparatione
2248 3876 2435 3922 circum-
