2652 4088
653 195 707 242 In
736 194 922 243 Librum
950 194 1186 242 Plutarchi
1217 195 1274 241 de
1301 193 1439 241 Facie
1468 194 1515 240 in
1547 193 1668 240 Orbe
1698 194 1870 241 Lunae.
2280 195 2387 253 117

133 346 326 404 praedas
357 360 495 405 agens
528 351 574 392 et
603 358 802 392 saevum.
866 343 956 389 Sed
985 343 1143 390 fabula
1173 343 1374 390 fabulam
1405 343 1534 401 parit.
1594 342 1669 388 Ex
1698 356 1752 390 eo
1785 343 1903 389 enim
1940 343 2012 389 leo
2043 344 2131 391 iste
2159 343 2388 390 ferebatur

136 415 191 460 de
221 414 379 459 Lunae
420 411 588 460 circulo
621 412 923 458 descendisse.
985 411 1075 457 Sed
1104 411 1336 457 Plutarchi
1375 413 1514 458 verba
1545 417 1673 468 sunt,
1714 425 1746 458 a
1773 417 1924 459 motus
1952 412 2126 470 impetu
2154 412 2385 460 decidisse.

133 479 367 536 Quaerant
398 493 504 537 ergo
536 479 612 524 alii
642 478 843 524 fabulam
874 478 995 534 apud
1025 478 1194 534 primos
1226 483 1450 525 auctores.

304 545 376 592 78.
409 544 682 592 Plutarchus
713 559 815 590 cum
845 543 1033 588 Theone
1065 556 1147 588 suo
1190 544 1380 590 totidem
1410 546 1458 590 in
1487 545 1619 590 Luna
1648 549 1856 591 numerat
1885 548 2110 602 aestates,
2152 549 2264 602 quot
2303 557 2386 602 ego

133 614 351 660 somniavi
383 614 479 659 dies
513 613 635 671 (quia
666 612 800 657 unica
828 611 999 657 lunaris
1032 610 1128 655 dies
1160 611 1415 668 quindecim
1444 614 1672 656 nostrates
1695 611 1790 658 dies
1820 611 2102 668 totidemque
2131 617 2287 658 noctes
2319 617 2390 657 est

133 681 301 739 longa),
332 680 520 725 totidem
550 680 737 735 hiemes,
770 684 882 736 quot
912 691 994 734 ego
1026 683 1195 723 noctes.
1249 678 1365 723 Nam
1395 676 1474 722 illa
1495 677 1763 735 differentia,
1796 677 1853 722 ob
1885 692 2020 735 quam
2050 683 2143 723 tres
2176 691 2258 734 ego
2291 680 2387 726 dies

131 759 156 790 e
187 746 424 793 duodecim
462 747 549 793 feci
588 747 809 802 aestivos,
855 743 1103 804 perexigua
1142 750 1213 789 est
1251 751 1297 789 et
1334 742 1503 788 nullius
1543 757 1661 801 pene
1699 745 1930 792 momenti.
1992 745 2123 801 Quod
2159 759 2267 791 vero
2309 748 2385 809 ait,

128 814 321 872 sinquzis
350 815 577 860 mensibus
607 812 830 869 (intellige
859 812 1161 864 nostratibus)
1208 811 1360 857 Solem
1389 812 1482 856 illis
1510 812 1614 867 fieri
1650 812 1909 857 verticalem
1945 811 1996 856 in
2018 812 2297 868 plenilunio,
2341 813 2389 859 id

130 892 213 935 ego
245 880 310 924 sic
341 881 571 937 expressi:
615 878 774 924 mediis
815 878 1192 924 subvolvanorum
1224 875 1375 922 Solem
1407 876 1655 920 consistere
1695 877 1742 921 in
1771 876 1938 921 vertice
1978 876 2025 919 in
2064 889 2147 920 suo
2186 876 2386 924 meridie.

130 948 261 1006 Quod
292 948 429 998 addit,
459 947 802 1001 stationarium,
833 942 1047 1000 intellige,
1083 942 1333 989 solstitialis
1366 942 1510 986 nostri
1541 941 1658 986 Solis
1690 941 1915 986 aemulum
1944 942 1991 986 in
2021 941 2204 987 urendis
2235 944 2384 998 terris,

128 1016 173 1060 in
203 1027 331 1059 mora
362 1013 534 1059 scilicet
565 1025 702 1069 super
734 1011 956 1068 capitibus
1000 1024 1084 1068 per
1122 1009 1218 1054 dies
1261 1008 1432 1065 aliquot
1474 1008 1740 1062 continuos,
1785 1008 1904 1053 sicut
1932 1019 2073 1065 penes
2103 1021 2188 1053 nos
2217 1008 2265 1053 in
2297 1009 2386 1055 sol-

134 1080 257 1126 stitio
289 1086 494 1124 moratur
524 1078 601 1123 Sol
631 1078 679 1122 in
708 1077 787 1121 illa
818 1090 900 1121 sua
930 1090 1093 1132 magna
1124 1076 1385 1131 altitudine,
1417 1088 1500 1132 per
1531 1075 1626 1120 dies
1658 1074 1814 1120 itidem
1847 1074 2042 1131 aliquam
2073 1074 2261 1132 multOS,
2305 1077 2387 1122 sed

128 1159 206 1191 eos
244 1144 451 1190 noctibus
491 1144 742 1189 intercisos.
804 1143 903 1187 Hoc
943 1143 1050 1187 dicit
1090 1142 1278 1187 fieriâ€˜in
1310 1142 1589 1199 plenilunio,
1630 1141 1678 1186 id
1710 1146 1780 1186 est
1812 1139 1992 1198 quando
2032 1154 2115 1187 nos
2147 1141 2387 1189 terricolae

127 1212 304 1258 Lunam
334 1212 515 1268 plenam
546 1209 766 1256 videmus,

300 1279 370 1325 79.
404 1279 691 1323 Tabacumne
719 1275 937 1322 hodierno
970 1287 1057 1320 usu
1087 1274 1399 1320 notissimum?
1446 1289 1504 1320 an
1534 1273 1658 1321 illam
1687 1276 1885 1321 radicem
1914 1274 2073 1321 Betele
2112 1274 2280 1320 dictam
2309 1275 2381 1320 In-

127 1345 227 1390 diae
258 1343 494 1389 orientali?

298 1412 375 1458 80.
403 1409 674 1455 Plutarchus
706 1409 761 1454 de
790 1408 926 1454 rebus
950 1409 997 1452 in
1018 1407 1198 1453 sublimi
1230 1407 1327 1452 sitis
1359 1411 1404 1451 et
1434 1407 1490 1450 ab
1521 1408 1804 1463 experientia
1832 1409 2031 1454 humana
2051 1407 2237 1453 remotis
2258 1411 2386 1453 tanto

128 1477 333 1523 liberiori
364 1489 442 1521 ore
473 1475 668 1531 disserit,
702 1480 870 1530 quanto
901 1474 1088 1520 liberior
1118 1480 1187 1520 est
1217 1474 1393 1518 animus
1424 1486 1451 1517 a
1480 1472 1780 1520 fascinatione
1810 1476 1858 1521 111
1889 1476 2105 1521 utramvis
2137 1481 2327 1533 partem.

299 1545 366 1589 81.
399 1542 560 1587 Plures
591 1547 637 1586 et
666 1541 868 1598 potiores
903 1547 948 1587 et
981 1542 1160 1587 omnino
1192 1541 1507 1598 archetypicas
1545 1541 1768 1587 utilitates
1798 1543 1959 1587 Lunae
2000 1543 2152 1589 detexi
2180 1543 2227 1588 in
2257 1543 2383 1601 Epit.

125 1611 250 1657 Astr.
284 1610 478 1666 Copern.
509 1608 588 1653 lib.
618 1607 699 1652 IV.
731 1613 775 1652 et
805 1607 850 1650 in
882 1607 1141 1653 narratione
1174 1608 1404 1652 teutonica
1447 1608 1502 1652 de
1535 1608 1721 1654 Tabulis
1753 1610 2003 1667 Rudolphi.
2053 1610 2186 1656 Luna
2218 1610 2385 1656 dimen-

126 1676 328 1724 sionibus
359 1674 561 1731 corporis
593 1678 638 1719 et
667 1672 892 1718 intervalli
923 1674 993 1719 sui
1023 1671 1194 1718 aditum
1224 1674 1443 1731 patefacit
1473 1675 1643 1720 homini
1675 1676 1732 1720 ad
1764 1681 1904 1721 totam
1925 1676 2211 1733 planetarum
2241 1678 2384 1736 regio-

125 1758 229 1790 nem
260 1742 592 1796 dimetiendam,
624 1747 676 1787 ut
704 1741 750 1785 in
783 1754 872 1797 qua
902 1741 1003 1797 ipsa
1034 1741 1207 1798 primus
1240 1740 1390 1786 scalae
1422 1741 1589 1797 gradus
1621 1747 1704 1787 est.
1746 1743 1847 1787 Hoc
1876 1748 1928 1787 ut
1958 1743 2036 1788 illa
2069 1743 2229 1788 doceat
2248 1756 2386 1800 segne

126 1825 269 1871 genus
300 1809 546 1864 hominum,
580 1808 712 1853 datae
744 1814 850 1853 sunt
879 1807 945 1852 illi
974 1809 1190 1853 tenebrae
1220 1820 1303 1865 pro
1337 1812 1604 1864 atramento,
1637 1822 1726 1866 quo
1758 1809 2007 1854 doctrinam
2038 1810 2386 1856 astronomicam

124 1879 281 1936 pingat
309 1876 437 1920 nobis
470 1876 527 1919 ob
560 1874 736 1931 oculos,
769 1875 877 1920 data
907 1875 1044 1919 veluti
1074 1875 1282 1930 formula,
1319 1887 1408 1931 qua
1437 1875 1606 1920 inertes
1638 1875 1885 1932 discipulos
1910 1877 2079 1921 excitet
2109 1881 2155 1920 et
2176 1877 2382 1934 castiget,

125 1945 232 1989 dum
271 1941 558 1988 incrementis
601 1940 989 1998 decrementisque
1030 1941 1210 1986 luminis
1253 1955 1429 1986 omnem
1466 1940 1650 1987 vitalem
1692 1947 1901 1987 naturam
1937 1943 2241 1999 humoresque
2279 1943 2378 1998 ejus

123 2011 252 2067 regit,
282 2015 450 2063 aestus,
483 2005 634 2052 fluxus
667 2013 711 2050 et
741 2006 943 2053 refluxus
966 2010 1135 2066 oceani,
1161 2014 1418 2055 menstruos
1439 2006 1706 2054 feminarum
1726 2007 1892 2064 fluxus,
1914 2010 2038 2066 ipsos
2062 2009 2176 2054 adeo
2198 2008 2376 2054 morbo-

121 2090 220 2121 rum
250 2086 546 2131 paroxysmos
578 2073 888 2130 circumducit3
923 2075 979 2120 de
1011 2076 1172 2132 quibus
1205 2075 1339 2120 etiam
1368 2074 1641 2121 Plutarchus
1672 2074 1770 2131 ipse
1800 2074 1917 2120 infra
1949 2075 1996 2132 (f.
2030 2076 2115 2132 97).

295 2139 365 2185 82.
398 2138 660 2195 Respondet
703 2138 761 2182 ad
800 2139 833 2186 f.
874 2142 942 2187 95.
1019 2142 1231 2187 Ordinem
1270 2141 1451 2196 quidem
1493 2146 1539 2186 et
1575 2154 1658 2196 ego
1700 2140 1863 2198 doceo,
1907 2147 1958 2186 ut
1999 2141 2201 2198 quamvis
2244 2142 2376 2187 Luna

124 2220 228 2252 vere
258 2205 485 2263 inaequali
522 2211 648 2251 motu
678 2205 879 2263 incedat,
920 2220 974 2253 ea
1003 2213 1156 2253 tamen
1195 2207 1495 2263 inaequalitas
1533 2221 1624 2254 non
1657 2206 1715 2251 sit
1746 2220 1873 2262 vaga.
1936 2208 2123 2264 Semper
2161 2207 2280 2252 enim
2308 2209 2375 2252 in-

120 2273 322 2319 tenditur
349 2273 448 2329 ejus
480 2277 629 2317 motus
661 2285 688 2316 a
717 2268 886 2329 puncto
919 2275 1109 2330 apogaei
1139 2287 1284 2330 usque
1314 2274 1360 2318 in
1390 2274 1666 2330 perigaeumâ€š
1699 2267 1985 2318 incrementis
2015 2278 2168 2318 tamen
2198 2274 2245 2318 in
2268 2287 2375 2331 apo-

34 2386 36 2402 *
122 2353 236 2396 gaeo
266 2337 485 2396 paulatim
515 2351 718 2383 crescere
749 2339 1094 2397 incipientibus,
1125 2340 1172 2383 in
1202 2340 1350 2385 medio
1380 2338 1690 2397 praecipitatis
1723 2351 1871 2394 exque
1904 2352 1957 2384 eo
1992 2339 2375 2397 decrescentibus,

34 2405 37 2412 â€™
120 2405 410 2466 111,Î¡Î¿113000
441 2415 645 2449 crescere
677 2404 1008 2462 desinentibus,
1053 2405 1341 2462 vicissimque
1383 2407 1439 2451 ab
1471 2404 1550 2449 illo
1590 2405 1793 2462 perigaei
1829 2410 1998 2463 puncto
2039 2405 2087 2449 111
2127 2418 2378 2462 apogaeum

63 2481 81 2505 â´
121 2471 272 2518 111Î¿á¿‘Î±Î¿
299 2470 464 2516 iterum
492 2469 770 2526 languescit,
813 2471 968 2516 ordine
1010 2471 1398 2518 decrementorum
1431 2471 1578 2516 simili.
1640 2473 1714 2516 Î•11
1751 2472 1890 2529 igitur
1930 2472 2151 2529 ordinem3
2199 2485 2378 2518 succes-

37 2559 39 2565 Î‡
123 2534 296 2583 sionem
324 2549 431 2583 vero
459 2535 508 2580 in
538 2548 616 2593 eo,
654 2536 776 2592 quod
808 2550 962 2582 omnes
993 2537 1205 2594 periodos
1236 2538 1612 2595 inaequalitatum
1642 2538 1761 2583 inter
1793 2551 1841 2583 se
1871 2537 2054 2594 penitus
2085 2537 2300 2594 aequales
2332 2544 2379 2584 et

38 2613 41 2659 Ï‚
125 2617 226 2649 esse
257 2607 305 2651 et
333 2608 598 2662 computare
640 2603 804 2660 doceo,
847 2603 935 2649 nisi
975 2603 1244 2660 quantulum
1282 2605 1356 2648 hic
1397 2603 1483 2649 sibi
1521 2603 1719 2649 vindicat
1758 2604 1938 2649 luminis
1971 2618 1997 2648 a
2027 2617 2098 2649 me
2138 2604 2259 2649 dicta
2298 2618 2379 2650 seu

123 2673 355 2716 menstrua
381 2669 593 2727 varietas,
626 2683 742 2727 quae
770 2676 924 2716 tamen
953 2675 999 2716 et
1030 2670 1131 2728 ipsa
1161 2670 1352 2716 similem
1383 2675 1427 2717 et
1457 2670 1660 2715 ordinem
1690 2676 1736 2715 et
1766 2670 2077 2717 successiones
2108 2670 2261 2729 habet,
2294 2671 2377 2716 sed

40 2751 43 2794 1
122 2737 193 2781 0111
220 2735 386 2794 privati
407 2734 541 2792 juris.

42 2804 45 2814 '
292 2803 366 2849 83.
399 2801 524 2847 Haec
555 2817 643 2848 vox
671 2808 948 2849 transsumta
977 2802 1153 2848 videtur
1185 2815 1241 2847 ex
1271 2804 1459 2849 Aristot.
1491 2803 1694 2860 Metaph.
1726 2803 1828 2849 Î§Î .
1861 2804 1903 2849 8.

44 2926 47 2933 y
293 2869 367 2915 84.
397 2870 721 2915 Antecessores
752 2870 890 2926 igitur
911 2871 1171 2928 astronomi,
1203 2875 1254 2916 ut
1275 2870 1466 2916 eundem
1488 2869 1691 2916 ordinem
1723 2877 1769 2916 et
1788 2870 2122 2916 successionem
2140 2868 2375 2916 obtineant

121 2935 384 2994 Lunamque
415 2937 560 2993 ipsam
592 2938 713 2981 omni
734 2936 1058 2992 inaequalitate
1079 2937 1285 2994 liberent,
1320 2936 1641 2983 circumferunt
1658 2936 1780 2982 illam
1812 2937 1990 2982 circulis
2012 2935 2161 2993 variis,
2192 2934 2374 2980 insertis

121 3002 219 3047 aliis
248 3003 294 3046 in
325 3003 450 3048 alios.
512 3002 720 3047 Totidem
765 3002 882 3046 enim
923 3014 1041 3059 pene
1071 3003 1205 3048 verba
1237 3004 1410 3049 invenis
1441 3004 1486 3047 in
1517 3003 1804 3061 Ptolemaeo,
1851 3009 2096 3049 coaetaneo
2126 3001 2374 3060 Plutarchi,

48 3086 49 3089 Â¹
122 3067 277 3125 Magni
299 3067 458 3126 Operis
480 3068 575 3113 libr.
593 3069 718 3113 XIII.
743 3081 780 3112 c.
803 3068 845 3123 2,
879 3080 993 3123 quae
1013 3071 1304 3127 transscripsi
1335 3070 1380 3115 in
1404 3070 1523 3126 Epit.
1550 3070 1734 3115 Astron,
1766 3068 1843 3115 fol.
1865 3069 1950 3115 502
1973 3069 2078 3126 (vol.
2093 3070 2165 3112 VI.
2188 3083 2232 3124 p.
2251 3067 2376 3124 337),

121 3135 407 3181 Ptolemaeus
438 3136 576 3193 igitur
605 3136 731 3180 initio
765 3134 1040 3179 deferentem
1069 3135 1215 3181 nodos
1246 3137 1354 3181 facit
1385 3137 1430 3180 in
1458 3138 1508 3182 19
1541 3137 1670 3181 annis
1693 3135 1926 3182 circumire
1948 3135 2068 3180 circa.
2086 3133 2218 3192 polos
2240 3134 2373 3191 eclip-

121 3202 257 3258 0100Î¿Ï‚
292 3202 338 3246 111
368 3215 422 3246 00
456 3201 663 3258 designat
693 3207 817 3246 certa
848 3207 1020 3258 puncta
1050 3201 1169 3259 polis
1201 3202 1396 3258 orbitae,
1430 3202 1595 3258 quibus
1627 3202 1808 3248 innixus
1837 3201 2025 3246 interior
2055 3198 2262 3244 deferens
2294 3213 2372 3255 ap-

122 3268 243 3314 sidas
274 3269 543 3314 restituatur
573 3268 916 3313 semimenstruo
951 3268 1099 3325 spatio
1132 3268 1355 3325 aequabili
1385 3275 1524 3313 motu.
1587 3269 1783 3313 Rursum
1823 3266 1870 3310 in
1899 3267 1988 3312 hoc
2019 3264 2254 3311 deferente
2283 3270 2372 3311 ter-

119 3335 211 3380 tius
243 3335 520 3379 eccentricus
562 3333 679 3377 circa
712 3332 840 3388 polos
873 3334 1077 3388 eosdem,
1122 3335 1201 3379 sed
1239 3340 1469 3378 menstruo
1510 3334 1727 3390 temporis
1767 3333 1915 3390 spatio
1955 3336 2000 3378 et
2029 3337 2154 3377 motu
2192 3330 2373 3388 quidem

121 3413 223 3445 vere
254 3399 481 3455 inaequali
511 3399 729 3451 circumit,
760 3397 830 3443 bis
861 3397 906 3441 in
937 3411 1091 3442 mense
1123 3400 1293 3456 tardus,
1326 3400 1393 3444 bis
1425 3400 1569 3444 velox.
1625 3400 1823 3455 Quartus
1855 3404 1925 3444 est
1958 3398 2201 3456 epicyclus,
2232 3397 2372 3444 inserÎ‡-

56 3473 59 3506 á½¶
119 3474 196 3512 tus
226 3466 272 3510 in
303 3465 552 3509 crassitiem
588 3463 847 3521 eceentrici,
879 3469 930 3507 ut
961 3464 1146 3509 Terram
1178 3479 1267 3510 non
1299 3466 1490 3521 ambiat,
1523 3471 1568 3511 et
1598 3466 1734 3523 hujus
1765 3465 1991 3510 restitutio
2023 3463 2162 3521 paulo
2192 3463 2374 3510 brevior

99 3539 192 3579 est
230 3544 366 3588 quam
406 3530 484 3574 illa
521 3530 782 3583 eccentrici,
824 3535 1065 3586 motusque
1097 3537 1142 3575 et
1171 3532 1272 3588 ipsa
1302 3530 1564 3586 inaequalia.
1626 3528 1712 3576 Hic
1743 3531 1922 3575 demum
1954 3529 2182 3588 epicyclus
2211 3529 2258 3575 in
2290 3542 2374 3574 sua

0 3650 4 3658 ,
121 3595 484 3645 circumferentia
525 3594 706 3639 affixam
738 3595 876 3640 habet
904 3598 1079 3641 Lunam
1111 3598 1292 3654 penitus
1322 3598 1367 3640 in
1400 3609 1452 3640 eo
1485 3596 1776 3652 immobilem,
1819 3602 1871 3643 ut
1899 3596 2042 3642 voluit
2070 3595 2370 3654 Ptolemaeus,

60 3680 62 3688 Â¹
121 3671 169 3711 at
200 3660 493 3720 corrigendus
538 3661 671 3706 etiam
711 3660 799 3706 hic.
858 3662 972 3707 Nam
1013 3663 1118 3717 quia
1157 3662 1290 3707 Luna
1329 3674 1507 3717 semper
1551 3662 1738 3708 eandem
1783 3662 1945 3709 faciem
1986 3662 2116 3708 nobis
2155 3661 2367 3717 ostendit,

121 3736 301 3788 oportet
331 3735 382 3773 ut
412 3733 457 3771 et
487 3727 587 3783 ipsa
618 3727 664 3771 in
695 3727 771 3771 illo
804 3741 887 3772 suo
928 3727 1129 3785 epicyclo
1171 3740 1271 3772 sese
1310 3733 1544 3772 convertat
1583 3727 1702 3774 circa
1743 3741 1875 3773 suum
1913 3741 2055 3773 axem.
2117 3727 2263 3773 Tanto
2297 3740 2370 3773 ac-

3 3805 7 3815 '
64 3814 65 3823 Â¹
123 3795 348 3853 ceptiores
379 3793 547 3838 debent
584 3805 683 3838 esse
715 3805 841 3838 meae
874 3806 1042 3839 causae
1072 3794 1310 3852 physicae,
1355 3806 1471 3850 quae
1516 3793 1602 3840 hac
1642 3795 2016 3853 multiplicatione
2045 3799 2250 3841 motuum
2279 3809 2370 3843 non

63 3857 68 3898 l
115 3860 346 3919 indigent.
2264 3911 2266 3915 y

65 3903 68 3926 â€™
110 3927 115 3932 â€™
294 3930 370 3977 85.
399 3927 665 3987 Legendum
705 3927 1014 3976 duodecim.
1081 3928 1171 3976 Ubi
1211 3933 1362 3975 tamen
1399 3928 1672 3978 Plutarchus
1711 3943 1760 3977 se
1797 3930 1947 3989 ipsum
1984 3927 2171 3975 involvit
2208 3929 2368 3987 suique
