2652 4088
338 206 411 266 50
1250 198 1280 248 J
1283 197 1440 246 oannis
1469 197 1656 257 Kepleri

331 355 450 401 enim
480 353 616 412 plena
645 354 773 409 patet
803 361 956 395 earum
987 352 1258 405 conspectus
1286 345 1416 391 nobis
1446 359 1537 390 uno
1566 345 1668 397 loco
1699 343 1986 390 manentibus
2017 342 2139 388 ultra
2168 344 2220 389 16
2241 343 2401 398 horas,
2431 342 2586 388 etiam-

331 433 420 477 que
451 433 550 464 cum
583 417 714 461 nobis
743 416 876 460 Luna.
905 415 1018 461 latet
1048 414 1131 458 sub
1163 414 1411 466 horizonte,
1443 412 1543 456 aliis
1564 416 1754 470 apparet
1782 425 1865 468 per
1895 409 2219 455 rotunditatem
2249 410 2431 455 Terrae.
2477 409 2586 454 Dies

327 486 466 542 igitur
507 483 686 528 illorum
727 487 797 525 est
833 487 990 526 nostra
1019 484 1273 537 νυχθημερα
1303 477 1559 535 quindecim
1588 478 1746 534 longa,
1792 483 1838 521 et
1868 473 1990 533 quod
2021 475 2245 532 sequitur,
2285 488 2377 520 nox
2406 474 2587 520 illorum

329 550 420 595 alia
450 554 606 594 nostra
636 546 974 602 quatuordecim
1008 551 1053 590 et
1083 544 1294 602 amplius.

502 614 572 659 98.
606 612 654 656 Si
690 626 774 657 nos
815 612 863 657 in
894 611 1070 667 Terris,
1114 624 1204 654 non
1242 607 1440 667 populus
1481 607 1661 664 quidem
1691 607 1966 664 promiscue,
2010 606 2090 651 sed
2133 605 2378 651 astronomi
2419 611 2585 661 tamen,

326 691 614 726 numeramus
657 678 704 723 in
735 678 865 723 annis
896 679 923 723 8
953 690 1131 722 menses
1162 677 1242 733 99,
1287 687 1368 720 seu
1405 675 1453 719 in
1490 676 1619 721 annis
1651 677 1706 722 19
1736 686 1914 719 menses
1944 673 2057 729 235,
2098 672 2302 727 quamvis
2332 670 2587 714 lunationes

326 743 554 790 naturales
584 744 777 800 negotiis
807 743 974 787 nostris
1005 756 1095 787 non
1118 741 1274 787 eadem
1295 741 1567 786 necessitate
1598 741 1946 789 immisceamur,
1977 751 2066 794 qua
2087 736 2183 780 dies
2205 743 2251 780 et
2270 741 2441 790 noctes,
2473 735 2587 791 quid

328 811 450 856 aliud
482 810 537 855 de
568 810 800 856 lunaribus
830 807 1038 865 populis,
1072 818 1186 863 quos
1219 806 1541 863 supponimus,
1574 806 1774 863 cogitare
1803 818 2067 861 possumus,
2100 815 2232 859 quam
2265 801 2452 847 eosdem
2481 799 2586 845 illos

327 876 567 922 observare
598 888 831 930 numeros,
875 873 913 918 si
945 887 1035 930 qua
1075 873 1136 917 ibi
1178 879 1387 918 creatura
1424 877 1495 916 est
1530 872 1704 916 numeri
1734 884 1902 928 capax,
1934 885 2036 916 cum
2068 869 2200 913 aliam
2230 868 2317 925 ipsi
2347 867 2464 911 diem
2495 878 2588 913 nou

325 943 558 988 habeant?
600 942 785 998 Signum
815 953 922 985 vero
953 947 1141 985 exactae
1172 939 1348 997 periodi
1381 939 1433 984 19
1465 951 1682 984 annorum
1713 943 1784 982 est
1813 937 1939 993 ipsis,
1972 937 2012 981 si
2032 936 2192 983 eadem
2222 934 2372 980 sidera
2394 934 2585 990 pristino

327 1009 483 1054 ordine
513 1015 672 1054 exacte
704 1008 919 1052 oriantur.
1222 1055 1224 1057 ¹
1488 1001 1491 1010 '

498 1075 571 1121 99.
602 1073 943 1120 Medivolvanos
972 1071 1172 1128 intellige
1206 1069 1481 1116 denominari
1522 1076 1574 1114 ut
1604 1076 1783 1116 nostros
1813 1069 2100 1115 meridianos,
2163 1070 2252 1118 Sed
2291 1069 2424 1116 nobis
2453 1070 2584 1114 meri·

327 1139 448 1185 diani
478 1140 660 1197 plurimi
691 1148 820 1195 sunt,
864 1140 975 1197 ipsis
1006 1139 1344 1184 medivolvanus
1378 1138 1565 1193 unicus,
1609 1138 1779 1195 quippe
1817 1150 1899 1194 per
1937 1138 2026 1183 duo
2066 1138 2211 1183 solum
2248 1142 2416 1196 puncta
2446 1135 2586 1181 hemi·

326 1204 661 1261 sphaeriorum,
694 1220 722 1250 a
752 1205 895 1249 Volva
927 1206 1341 1260 denominatarum,
1385 1210 1545 1248 exacte
1577 1203 1766 1247 invicem
1797 1201 2023 1258 opposita.
2084 1203 2188 1249 Non
2220 1210 2326 1249 sunt
2355 1210 2506 1248 tamen
2537 1201 2586 1247 hi

325 1270 622 1315 medivolvani
653 1271 754 1316 loco
784 1277 1042 1316 nostrorum
1073 1271 1443 1325 meridianorum,
1483 1269 1562 1314 sed
1593 1268 1764 1313 habent
1795 1273 1841 1312 et
1870 1267 2050 1313 lunares
2082 1282 2190 1314 suos
2213 1270 2350 1325 juxta
2378 1267 2586 1313 meridia·

325 1348 433 1390 nos,
474 1349 556 1392 per
597 1336 728 1393 polos
760 1343 806 1380 et
834 1338 1026 1382 vertices
1057 1337 1257 1381 locorum
1290 1336 1471 1391 ductos,
1515 1335 1664 1380 socios
1704 1333 1835 1389 quasi
1873 1333 2177 1379 medivolvani
2208 1336 2403 1379 omnium
2433 1333 2583 1380 medii.
2648 1392 2650 1395 .

325 1398 480 1445 Nostri
512 1402 693 1458 quidem
723 1402 959 1448 meridiani
988 1408 1230 1448 terrestres
1260 1400 1528 1458 principium
1550 1399 1756 1444 naturale
1787 1412 1876 1443 non
1899 1399 2081 1456 habent,
2113 1399 2293 1445 illorum
2317 1413 2423 1444 vero
2447 1399 2583 1444 meri-

326 1465 447 1510 diani
476 1467 667 1523 habent,
701 1482 762 1514 sc.
793 1468 988 1514 medium
1020 1469 1215 1513 omnium
1245 1466 1626 1520 medivolvanum,
1659 1472 1710 1510 ut
1739 1465 1784 1510 in
1819 1479 1954 1521 quem
1985 1465 2060 1511 Sol
2092 1471 2139 1510 et
2169 1465 2314 1510 Volva
2344 1465 2476 1510 simul
2507 1477 2583 1510 eo-

327 1529 429 1575 dem
460 1542 686 1579 momento
717 1533 934 1587 incidunt,
966 1533 1013 1578 in
1042 1532 1315 1578 meridianos
1346 1539 1521 1577 ceteros
1551 1545 1643 1576 non
1674 1531 1846 1587 eodem,
1880 1531 1960 1577 sed
1993 1531 2232 1576 distinctis.

503 1600 601 1644 100.
634 1600 742 1645 Cum
773 1601 904 1646 Luna
934 1601 1093 1657 globus
1125 1599 1206 1656 sit,
1248 1605 1452 1644 centrum
1483 1597 1582 1654 ejus
1612 1604 1769 1654 petent
1800 1598 1950 1643 omnia
1980 1599 2135 1655 gravia
2171 1597 2370 1651 lunaria,
2413 1601 2459 1640 et
2490 1609 2586 1641 cor-

324 1675 437 1720 pora
475 1662 595 1720 globi
641 1666 897 1722 superficiei
938 1666 1151 1711 insistent
1193 1665 1250 1711 ad
1280 1664 1470 1721 angulos
1509 1671 1658 1709 rectos
1690 1664 2030 1720 cens‹›buntque
2062 1664 2182 1709 hunc
2213 1675 2343 1709 suum
2375 1664 2588 1709 verticem

324 1727 441 1773 inter
481 1728 609 1786 fixas,
640 1730 686 1775 in
718 1745 851 1788 quem
881 1738 1099 1790 punctum
1130 1734 1255 1775 recta
1276 1744 1332 1775 ex
1353 1739 1507 1775 centro
1538 1730 1660 1786 globi
1690 1730 1860 1775 lunaris
1892 1743 1973 1787 per
2003 1744 2088 1776 sua
2107 1731 2298 1789 vestigia
2326 1731 2588 1776 continuata

323 1794 495 1840 incidit.
557 1795 862 1855 Quaecunque
905 1797 1064 1843 stellae
1105 1796 1162 1842 ab
1194 1797 1271 1842 illo
1312 1803 1481 1854 puncto
1521 1798 1711 1851 distant,
1759 1810 1787 1841 a
1817 1797 1986 1841 vertice
2029 1797 2332 1842 observatoris
2371 1798 2419 1842 in
2457 1797 2588 1842 Luna

326 1859 535 1904 collocati
567 1860 792 1907 declinare
826 1863 1143 1909 censebuntur.
1193 1863 1293 1907 Hoc
1324 1864 1462 1919 igitur
1493 1870 1563 1908 est
1593 1862 1936 1908 fundamentum
1965 1863 2297 1918 imaginationis
2329 1863 2589 1920 aequatoris
2651 1919 2652 1922 Ἰ

324 1923 445 1969 inter
475 1925 604 1981 polos
636 1929 771 1973 medii
802 1938 848 1975 et
879 1928 1195 1975 declinationis
1226 1929 1342 1975 Solis
1373 1943 1400 1973 a
1430 1931 1598 1974 vertice
1640 1929 1857 1975 locorum.
1918 1929 1981 1973 Et
2019 1930 2127 1986 quia
2166 1930 2349 1986 ponitur
2379 1929 2457 1975 Sol
2496 1941 2588 1975 non

325 1987 526 2046 quotidie
556 2003 639 2047 per
669 2001 814 2039 totum
847 2009 1014 2040 annum
1046 1995 1240 2040 transire
1270 1996 1483 2041 verticem
1516 2009 1685 2053 eorum,
1717 1996 1792 2052 qui
1825 1994 1909 2039 sub
1941 2004 2188 2052 aequatore
2219 2003 2347 2051 sunt,
2379 1996 2459 2041 sed
2488 2002 2587 2040 tan-

325 2059 418 2099 tum
452 2054 524 2099 die
556 2058 853 2115 aequinoctii,
886 2061 1022 2116 igitur
1055 2060 1153 2105 axis
1184 2060 1307 2116 globi
1338 2059 1532 2114 lunaris,
1577 2061 1696 2106 circa
1727 2073 1861 2117 quem
1891 2059 1968 2104 ille
1999 2061 2299 2118 convertitur,
2340 2058 2588 2119 parallelus
2638 2087 2652 2100 ι.

324 2133 414 2164 non
446 2128 516 2165 est
547 2123 620 2166 axi
655 2124 912 2182 eclipticae,
957 2127 1038 2172 sed
1068 2126 1310 2172 inclinatur
1341 2125 1397 2170 ad
1432 2140 1554 2171 eum:
1598 2139 1776 2183 semper
1817 2139 1878 2171 sc.
1904 2126 1968 2178 ,ad
2006 2132 2157 2171 rectos
2188 2125 2378 2183 angulos
2408 2133 2587 2172 erectus
2645 2123 2652 2184 j

326 2192 397 2231 est
426 2199 564 2243 super
592 2188 775 2245 planum
808 2191 981 2237 orbitae
1012 2194 1194 2245 Lunae,
1239 2206 1373 2249 quam
1405 2192 1484 2237 illa
1516 2192 1675 2250 quovis
1707 2197 1910 2248 tempore
1941 2198 2167 2249 permeat,
2208 2199 2259 2237 ut
2286 2191 2502 2238 inclinata
2531 2203 2589 2239 ea

326 2252 383 2302 ad
413 2252 599 2310 planum
631 2254 880 2314 eclipticas,
913 2258 1013 2303 axis
1046 2259 1181 2303 etiam
1212 2258 1333 2304 illius
1365 2259 1422 2304 ad
1454 2272 1586 2304 axem
1617 2258 1758 2314 hujus
1789 2257 2048 2305 inclinetur.

2643 2204 2652 2251 η’

495 2322 594 2367 101.
626 2321 744 2366 Nodi
776 2323 933 2369 Lunae
966 2330 1090 2369 motu
1123 2325 1385 2380 retrogrado
1419 2325 1699 2371 circumeunt
1730 2324 1776 2368 in
1807 2324 1937 2370 annis
1974 2325 2047 2380 19,
2079 2323 2315 2370 obviantes
2351 2323 2469 2382 Soli,
2502 2325 2586 2371 cir-
2642 2347 2652 2387 ³.

322 2392 535 2444 cumeunt
563 2386 703 2442 igitur
734 2395 780 2433 et
809 2389 973 2435 limites
1007 2390 1165 2436 eodem
1197 2398 1422 2448 tempore,
1468 2398 1514 2435 et
1543 2390 1638 2448 poli
1669 2390 1842 2436 orbitae
1873 2391 2055 2446 Lunae,
2097 2390 2174 2447 qui
2206 2395 2314 2435 sunt
2350 2389 2586 2437 lunaribus
2647 2393 2652 2447 ζ

321 2453 422 2498 loco
454 2453 662 2509 polorum
696 2454 864 2513 mundi,
897 2457 941 2501 in
977 2455 1171 2512 cimelio,
1206 2457 1337 2514 anus
1369 2457 1584 2502 diameter
1613 2456 1751 2500 habet
1784 2456 1951 2513 gradus
1984 2458 2024 2502 5.
2055 2457 2199 2502 Annis
2229 2455 2368 2513 igitur
2399 2456 2589 2504 sidereis

328 2521 381 2565 19
414 2518 714 2565 conficiuntur
743 2521 863 2577 apud
895 2522 1020 2578 ipsos
1051 2521 1155 2566 anni
1185 2522 1347 2579 tropici
1379 2522 1451 2569 20.
1511 2523 1672 2578 Itaque
1703 2522 1751 2566 in
1781 2523 1837 2579 94
1870 2521 2079 2579 sidereis,
2111 2522 2199 2568 hoc
2231 2528 2301 2568 est
2330 2523 2376 2567 iu
2412 2524 2467 2569 10
2495 2530 2586 2569 tro·
2648 2523 2652 2561 ἶ

321 2586 457 2644 picis,
505 2586 678 2630 decima
715 2595 866 2641 aestas
897 2588 966 2642 iis,
1007 2587 1168 2642 quibus
1209 2587 1337 2632 initio
1375 2587 1668 2644 contingebat
1714 2586 1818 2632 Sole
1849 2587 1894 2631 in
1925 2587 2269 2633 constellatione
2299 2588 2456 2633 Cancri
2487 2603 2584 2634 ver·
2647 2592 2652 2628 ἑ

322 2657 473 2704 sante,
515 2651 735 2706 contingit
767 2651 863 2708 jam
902 2650 1009 2694 Sole
1049 2651 1094 2695 in
1137 2651 1399 2707 Capricorni
1442 2653 1785 2698 constellatione
1825 2654 2087 2700 constituto,
2149 2653 2259 2698 Tale
2302 2654 2411 2710 quid
2448 2655 2584 2701 etiam
2639 2632 2652 2718 ὲ

322 2717 453 2763 nobis
484 2718 529 2762 in
562 2717 704 2762 Terra
733 2716 964 2772 contingit,
998 2715 1078 2761 sed
1109 2717 1251 2762 multo
1283 2717 1472 2764 tardius,
1534 2719 1704 2764 Nostra
1734 2719 1851 2764 enim
1883 2727 2035 2765 aestas
2076 2725 2181 2765 ante
2213 2719 2303 2764 duo
2335 2719 2475 2764 millia
2504 2732 2584 2765 an·
2649 2736 2652 2737 ⁷

322 2797 481 2829 norum
513 2781 748 2828 eveniebat
780 2781 883 2827 Sole
914 2781 958 2825 in
991 2781 1334 2827 constellatione
1357 2783 1515 2827 Cancri
1547 2790 1769 2837 versante,
1804 2785 1925 2830 Cane
1957 2799 2057 2831 cum
2081 2784 2188 2830 Sole
2220 2785 2415 2845 oriente;
2445 2785 2584 2832 hodio
2649 2785 2652 2791 '

321 2846 526 2906 profecta
557 2854 626 2892 est
657 2853 814 2892 nostra
844 2854 993 2892 aestas
1024 2847 1070 2891 in
1101 2846 1493 2894 constellationem
1516 2848 1819 2907 Geminorum,
1850 2849 1939 2895 etsi
1969 2849 2379 2896 dodecatemorium
2409 2851 2584 2898 zodiaci
2638 2840 2652 2863 ξ

320 2915 486 2960 retinet
515 2927 677 2959 nomen
710 2912 944 2969 antiquum
978 2913 1154 2960 Cancri.

496 2981 595 3026 102.
627 2981 799 3025 Harum
830 2993 910 3024 sex
942 2980 1114 3026 dierum
1146 2994 1237 3026 una
1267 2980 1365 3026 sola
1395 2981 1465 3025 vel
1497 2980 1613 3026 duae
1645 2987 1753 3026 sunt
1782 2993 1886 3026 vere
1917 2980 2129 3037 aestivae,
2163 2986 2342 3028 ceterae
2372 2981 2430 3029 ad
2461 2981 2584 3030 latus

322 3051 566 3104 utrumque
597 3046 822 3091 declinant
854 3046 911 3092 ad
942 3046 1239 3103 quantitatem
1272 3046 1360 3092 diei
1389 3047 1748 3103 aequinoctialis,

496 3114 598 3159 103.
628 3112 922 3169 Temp'eratas
964 3112 1082 3157 enim
1119 3120 1164 3157 et
1202 3112 1325 3169 ipsas
1363 3111 1438 3156 vix
1479 3113 1680 3158 sustineo
1720 3113 1881 3159 dicere.
1942 3111 2083 3160 Nulla
2122 3114 2240 3159 enim
2272 3114 2416 3160 estin
2447 3114 2585 3163 Luna
2639 3131 2648 3136 ·

323 3178 580 3235 temperies,
611 3184 660 3223 ut
691 3178 946 3235 apparebit.

499 3245 596 3291 104.
629 3244 872 3289 Zodiacnm
903 3243 1074 3289 habent
1104 3243 1337 3288 nobiscum
1369 3256 1663 3289 communem.
1704 3244 1871 3289 Noster
1902 3247 2017 3291 enim
2049 3247 2260 3294 zodiacus
2282 3253 2406 3294 motu
2427 3260 2579 3293 annuo

323 3310 516 3356 Telluris
549 3310 667 3354 circa
698 3309 847 3355 Solem
880 3308 1171 3364 describitur,
1203 3309 1337 3354 Luna
1367 3323 1472 3354 vero
1506 3315 1552 3354 et
1580 3309 1682 3366 ipsa
1712 3309 1939 3355 Tellurem
1972 3319 2170 3358 nostram
2204 3312 2431 3369 circumit,
2462 3313 2584 3358 sicut

323 3389 406 3421 nos
438 3389 532 3420 eam
565 3375 1003 3420 circumhabitamus.
1065 3374 1238 3420 Eadem
1269 3376 1404 3430 igitur
1433 3374 1639 3431 utrisque
1671 3381 1742 3419 est
1767 3388 1905 3420 causa
1935 3377 2210 3433 imaginandi
2238 3377 2424 3424 zodiaci.

496 3441 593 3486 105.
626 3441 751 3486 Haec
782 3447 888 3486 sunt
915 3441 969 3486 iis
1003 3441 1238 3496 correlata,
1270 3454 1387 3499 quae
1418 3441 1474 3486 ad
1495 3454 1614 3485 num.
1646 3441 1741 3486 101.
1763 3449 1870 3486 suut
1896 3442 2031 3488 dicta.
2074 3443 2436 3489 Consentaneum
2459 3443 2579 3488 euim

325 3509 407 3562 est,
439 3514 693 3563 respectum
725 3507 830 3552 anni
861 3505 1036 3563 tropici,
1070 3505 1107 3550 si
1139 3520 1227 3551 non
1259 3512 1434 3552 tantum
1457 3512 1652 3563 quantus
1683 3513 1752 3550 est
1772 3519 1912 3562 penes
1933 3521 2030 3563 nos,
2060 3509 2276 3565 majorem
2298 3505 2457 3554 salteni
2476 3519 2582 3554 esse
2626 3567 2628 3570 y

325 3584 465 3629 penes
496 3572 675 3617 lunares
705 3580 915 3628 respectu
950 3576 1018 3619 sui
1050 3575 1154 3619 anni
1186 3575 1361 3632 tropici.

496 3636 690 3692 Respice
731 3649 836 3681 vero
875 3638 948 3682 hic
992 3639 1049 3684 ad
1080 3640 1352 3698 hypothesin
1391 3638 1533 3685 libelli
1566 3643 1612 3684 et
1642 3637 1786 3692 disce,
1832 3652 1948 3695 quae
1983 3639 2115 3685 nobis
2156 3644 2263 3686 sunt
2289 3640 2408 3685 inter
2436 3638 2576 3684 totius
2624 3616 2634 3684 ,Ι

325 3700 479 3745 mundi
500 3703 763 3758 praecipua:
796 3703 1033 3749 duodecim
1066 3707 1194 3763 signa
1216 3704 1441 3759 coelestia,
1474 3702 1679 3756 solstitia,
1709 3704 2011 3761 aequinoctia,
2042 3719 2185 3751 anuos
2215 3705 2428 3762 tropicos,
2459 3703 2577 3750 side·
2614 3696 2652 3759 ἦε

325 3779 442 3821 reos,
474 3773 774 3823 aequatorem,
808 3767 999 3824 coluros,
1029 3770 1243 3826 tropicos,
1275 3769 1469 3826 polareS,
1500 3768 1631 3825 polos
1664 3769 1842 3823 mundi,
1874 3771 2022 3815 omnia
2041 3768 2250 3824 restringi
2272 3769 2328 3815 ad
2353 3770 2574 3827 augustis·

326 3832 486 3876 simum
524 3829 704 3885 globum
743 3832 939 3877 Telluris
978 3834 1165 3891 solaque
1205 3833 1513 3879 terricolarum
1555 3833 1874 3890 imaginatione
1913 3841 2149 3892 constare,
2189 3841 2241 3881 ut
2269 3834 2309 3880 si
2337 3835 2397 3882 ad
2435 3835 2581 3885 aliun.
2614 3836 2652 3900 “⁴

327 3895 510 3956 globum
539 3896 863 3944 transferamus
891 3898 1268 3958 imaginationem,
1300 3898 1448 3945 omnia
1476 3903 1649 3945 mutata
1679 3899 1915 3958 concipere
1945 3912 2131 3948 necesse
2160 3899 2235 3946 sit.
