2652 4088
295 150 413 206 184
890 144 1177 190 Collectanea
1207 155 1263 188 ex
1294 143 1524 189 codicibus
1554 142 1953 190 PulkoviensibuS.

285 301 350 348 sit
399 298 540 360 quasi
591 295 840 358 proportio
895 292 1226 356 aequalitatis,
1306 290 1585 340 Admittunt
1633 298 1795 342 tamen
1846 292 1942 341 duo
1992 294 2166 342 ultima
2214 293 2551 355 variationem,

286 377 470 435 puncto
508 382 698 429 semper
748 367 948 426 eodem,
1002 365 1267 412 admittunt
1321 371 1484 412 tamen
1533 379 1630 413 non
1670 365 1733 413 ad
1771 372 2007 428 punctum
2056 365 2237 415 collata
2273 381 2362 415 nec
2399 366 2462 414 ad
2500 382 2554 416 se
2638 384 2652 388 ··

284 448 483 501 mutUO,
541 440 628 489 sed
669 438 731 488 ad
771 441 847 488 sui
885 438 1089 498 similia,
1137 451 1287 484 causa
1338 436 1673 498 longitudinis,
1750 439 1831 487 Sic
1873 438 2080 501 sphaera
2120 453 2219 487 una
2257 445 2331 487 est
2369 446 2416 487 et
2454 453 2549 487 non

287 530 401 566 una.
477 512 590 562 Una
627 512 914 572 formaliter,
955 524 1051 558 non
1091 525 1188 558 una
1224 510 1556 559 materialiter.
1631 511 1780 559 Nulla
1817 511 1897 559 hic
1935 513 2208 573 generatio,
2248 513 2343 559 nisi
2380 511 2553 561 fictitia
2640 549 2652 554 -

288 595 335 637 et
375 592 665 634 monstrosa.
744 586 818 632 Ex
870 585 1039 646 puncti
1094 582 1156 630 ad
1205 587 1438 644 punctum
1490 582 1624 630 fluxu
1676 585 1965 632 brevissimo
2006 591 2081 631 est
2118 590 2250 632 recta
2284 584 2441 646 linea3
2492 600 2552 634 ex

282 649 442 709 lineae
483 675 512 707 a
551 658 743 706 duobus
782 657 844 705 ad
883 671 1032 703 unum
1072 662 1307 718 punctum
1344 655 1478 702 fluxu
1518 656 1808 704 brevissimo
1861 661 1934 704 est
1973 657 2249 720 superficies
2289 666 2444 717 recta,
2494 673 2549 706 ex

283 731 557 796 superficiei
595 745 625 778 a
666 735 693 779 3
737 731 929 794 punctis
969 728 1031 776 ad
1072 743 1222 776 unum
1257 728 1391 775 fluxu
1431 733 1505 775 est
1544 743 1736 792 corpus.
1812 730 1886 777 Ex
1923 729 2161 778 linearum
2200 732 2415 779 sectione
2438 739 2550 779 sunt

288 804 472 868 anguli.
550 802 714 852 Sectio
769 804 1031 866 praecipua
1078 809 1152 849 est
1199 799 1696 864 perpendicularium,
1751 816 1860 850 cum
1912 801 2077 872 anguli
2125 802 2247 851 fiunt
2298 802 2548 865 aequales,
2648 846 2652 867 ε

282 878 399 928 Jam
438 881 585 925 antea
623 890 739 923 vero
779 875 1027 939 planitiem
1068 875 1423 922 substravimus
1475 874 1802 937 qualicunque
1855 875 1989 922 fluxu
2027 875 2188 924 lineae
2229 890 2259 923 a
2298 881 2326 924 2
2355 878 2550 938 punctis
2640 880 2643 882 ’

285 950 348 1000 ad
388 964 566 1009 unum,
622 955 758 996 extra
806 948 985 995 lineam
1037 946 1268 1006 duorum,
1323 953 1378 993 ut
1415 946 1693 1010 superficies
1744 954 1877 995 recta
1930 950 1992 995 sit
2042 950 2167 996 intra
2198 950 2290 996 tria
2330 948 2548 1010 ejusdem
2643 950 2652 957 '

282 1024 441 1072 lineae
481 1027 678 1085 puncta.
756 1018 927 1068 Omnis
965 1021 1112 1081 igitur
1152 1019 1355 1067 duarum
1392 1019 1631 1068 linearum
1671 1019 1880 1081 angulus
1921 1028 1994 1069 est
2031 1022 2078 1067 in
2120 1028 2250 1070 certo
2289 1020 2454 1084 plano.

465 1095 587 1143 Cum
625 1108 722 1141 non
763 1099 1054 1142 concurrunt
1092 1098 1254 1142 rectae
1292 1093 1451 1140 lineae
1490 1093 1538 1138 in
1579 1091 1750 1141 eodem
1790 1092 1951 1156 plan0‚
1993 1093 2217 1142 dicuntur
2254 1093 2546 1157 parallelae:

290 1183 405 1232 ergo
446 1168 608 1216 lineae
647 1166 805 1214 fluxus
844 1166 972 1225 talis,
1013 1171 1067 1213 ut
1105 1180 1231 1227 quae
1270 1165 1377 1212 fluit
1413 1171 1609 1213 maneat
1646 1168 1832 1214 interea
1859 1167 1965 1214 basi
1992 1166 2274 1229 parallelos,
2314 1166 2550 1230 regularis

294 1250 385 1291 est.
452 1241 573 1289 Cum
613 1246 775 1288 autem
815 1241 962 1288 etiam
1002 1245 1216 1287 extrema
1254 1237 1413 1286 lineae
1452 1238 1608 1286 fluunt
1645 1253 1730 1302 per
1754 1238 2191 1303 perpendiculares
2229 1241 2351 1299 basi,
2390 1246 2550 1289 rectus

294 1317 439 1364 etiam
477 1313 638 1362 fluxus
678 1319 767 1363 est.
842 1312 1068 1375 Denique
1108 1326 1217 1359 cum
1256 1310 1681 1375 perpendiculares
1734 1319 1845 1360 sunt
1884 1327 2042 1374 aeque
2080 1313 2258 1376 longae
2295 1312 2466 1362 fluenti
2503 1319 2552 1362 et

292 1389 413 1449 basi,
452 1386 609 1448 figura
647 1384 1010 1448 regularissima
1046 1386 1272 1447 gignitur.

459 1458 642 1507 Omnes
682 1458 967 1520 regulariter
1003 1463 1263 1520 generatae
1302 1461 1416 1506 sunt
1455 1455 1811 1519 quadrilaterae
1851 1463 1898 1506 et
1935 1457 2319 1520 quadrangulae.
2385 1458 2549 1509 Ducta

282 1547 367 1598 per
405 1534 656 1596 oppositos
697 1531 904 1592 angulos
942 1531 1073 1579 linea
1113 1530 1290 1579 dividit
1327 1529 1462 1577 illam
1500 1531 1549 1576 in
1587 1530 1815 1592 aequalia
1854 1531 1969 1579 bina
2007 1530 2267 1594 triangula,
2308 1547 2435 1594 quae
2462 1547 2550 1597 pro

283 1607 520 1654 varietate
559 1610 902 1668 generatorum
956 1610 1070 1652 sunt
1117 1605 1268 1652 varia.
1341 1600 1417 1650 Ex
1465 1602 1721 1665 triangulis
1769 1610 2125 1667 componuntur
2164 1605 2553 1668 quinquangula,

284 1679 556 1741 sexangula
599 1683 690 1725 etc.
731 1678 779 1723 in
819 1676 1055 1724 infinitum
1095 1691 1268 1738 usque,
1308 1690 1464 1738 eaque
1503 1675 1699 1738 singula
1736 1678 1981 1725 variorum
2019 1691 2267 1741 generum.

451 1750 592 1799 Haec
619 1756 692 1798 est
719 1751 911 1812 genesis
938 1749 1219 1813 planorum3
1259 1754 1372 1797 sunt
1399 1750 1526 1797 enim
1554 1750 1645 1797 tria
1670 1763 1878 1811 gener-213
1916 1757 2162 1812 generata,
2202 1751 2371 1807 recisa,
2411 1765 2548 1800 com-

280 1825 459 1889 posita.
537 1821 858 1871 Pulchritudo
900 1829 948 1870 et
987 1823 1128 1884 quasi
1166 1822 1322 1870 forma
1359 1835 1527 1870 eorum
1566 1829 1640 1870 est
1679 1838 1739 1870 ex
1778 1824 1974 1872 circulo.
2039 1825 2120 1872 Fit
2159 1823 2398 1883 circulus,
2439 1838 2549 1873 cum

279 1898 428 1961 plano
466 1901 662 1946 secatur
699 1895 922 1958 sphaera.
1001 1895 1167 1944 Pauca
1207 1894 1396 1958 aliquot
1435 1894 1618 1943 habent
1655 1910 1795 1942 suam
1832 1896 2193 1959 regularitatem
2232 1911 2293 1944 ex
2332 1899 2548 1959 corpori-

279 1972 387 2030 bus,
429 1983 556 2032 quae
595 1967 841 2020 claudunt.
903 1968 1075 2016 Potius
1115 1969 1242 2017 enim
1282 1981 1486 2031 corpora
1523 1968 1709 2016 faciunt
1732 1967 1879 2031 plana
1916 1969 2172 2033 regularia,
2214 1984 2361 2032 quam
2400 1977 2452 2019 ut
2486 1985 2546 2020 ex

279 2042 440 2108 planis
478 2041 598 2091 fiant
634 2040 794 2090 solida
834 2041 1092 2104 regularia.

456 2115 579 2165 Cum
618 2114 819 2177 planum
856 2114 1004 2178 plano
1043 2112 1332 2177 parallelum
1371 2119 1536 2163 manet
1574 2115 1621 2161 in
1661 2114 1821 2174 fluxu,
1874 2113 2159 2177 regulariter
2198 2122 2387 2164 creatur
2424 2115 2549 2164 soli·
2634 2109 2638 2121 ’“

285 2189 431 2255 dum3
473 2203 581 2237 cum
619 2188 726 2235 fluit
751 2186 1229 2251 perpendiculariter,
1268 2194 1452 2236 rectum
1490 2186 1543 2235 fit
1566 2187 1804 2250 solidum3
1845 2202 1955 2236 cum
1981 2187 2360 2251 quadrilaterum
2398 2203 2547 2252 regu-

280 2262 401 2324 lare,
442 2261 797 2324 aequilaterum
837 2266 885 2309 et
921 2259 1304 2323 aequiangulum
1350 2261 1458 2309 fluit
1501 2265 1600 2308 tam
1650 2260 1774 2319 alte,
1829 2275 1976 2323 quam
2024 2260 2225 2323 longum
2276 2269 2350 2311 est
2398 2261 2544 2323 latus,

284 2350 459 2399 corpus
498 2340 688 2383 creatur
743 2334 958 2382 omnium
996 2333 1437 2398 regularissimum,
1492 2331 1623 2395 quod
1661 2334 1857 2382 cubus
1905 2340 1994 2383 est.
2072 2333 2238 2383 Cubus
2277 2335 2351 2395 (et
2388 2334 2545 2398 talia),

282 2414 444 2458 sectus
482 2407 647 2471 plano,
687 2405 818 2454 cadit
856 2409 905 2453 in
945 2405 1041 2454 duo
1080 2408 1317 2470 prismata
1354 2406 1600 2468 aequalia.
1664 2406 1853 2455 Prisma
1893 2408 2019 2455 binis
2058 2407 2409 2470 superficiebus
2434 2423 2546 2458 sec-

283 2490 386 2530 tum
424 2482 473 2528 in
512 2486 609 2529 tres
648 2478 777 2528 cadit
813 2479 1094 2543 pyramidas
1141 2478 1534 2542 triangulibases.
1610 2479 1682 2527 Ex
1720 2480 2057 2543 pyramidibus
2107 2480 2544 2543 triangulibasibus
2631 2508 2634 2510 v

281 2555 406 2602 varii
445 2558 799 2615 componuntur
836 2552 1115 2617 pyramides
1154 2551 1621 2615 multangulibaseS,
1677 2567 1736 2600 ex
1773 2552 1848 2601 his
1885 2559 1933 2602 et
1971 2552 2068 2601 illis
2118 2553 2329 2616 denique
2374 2554 2544 2604 multi-

282 2626 433 2691 plana
472 2639 688 2688 corpora.

459 2698 584 2746 Sunt
620 2705 781 2747 tamen
821 2703 869 2746 et
906 2698 1147 2745 sectiones
1186 2697 1314 2745 aliae
1354 2703 1400 2745 et
1428 2698 1823 2759 compositiones,
1864 2712 1923 2746 ex
1951 2698 2128 2759 quibus
2156 2701 2372 2748 oriuntur
2398 2715 2547 2762 regu-

283 2772 409 2821 laria
446 2770 618 2819 solida.
697 2771 820 2819 Cum
859 2776 1068 2832 quatuor
1104 2784 1201 2817 non
1241 2771 1454 2832 oppositi
1495 2771 1606 2818 cubi
1644 2770 1812 2832 anguli
1839 2778 2119 2819 resecantur
2157 2774 2241 2833 sic,
2281 2779 2335 2821 ut
2361 2776 2544 2822 sectio-

283 2859 371 2894 nes
409 2846 458 2890 in
498 2849 527 2892 4
567 2843 767 2905 reliquis
806 2842 998 2906 angulis
1038 2849 1354 2902 concurrant,
1400 2848 1553 2890 restat
1600 2842 1821 2905 regulare
1870 2845 2106 2902 excisum,
2162 2844 2295 2907 quod
2344 2852 2544 2896 tetra-

285 2917 485 2967 edron
523 2914 709 2968 dicitur,
788 2915 846 2963 Id
882 2917 1062 2979 tegitur
1099 2915 1314 2977 undique
1354 2917 1401 2961 iu
1442 2916 1582 2974 cub0,
1621 2915 1809 2964 habens
1848 2916 2053 2978 angulos
2092 2919 2139 2963 in
2181 2919 2293 2967 cubi
2333 2919 2541 2982 angulis,
2623 2926 2629 2934 '

285 2991 442 3038 latera
480 2991 528 3035 in
566 2989 676 3036 cubi
714 2988 890 3051 planiS.
970 2988 1090 3036 Cum
1129 2987 1257 3036 idem
1297 2988 1450 3036 cubus
1492 2994 1519 3035 6
1560 2989 1819 3050 prismatiS,
1862 2990 1967 3037 basi
2008 2989 2276 3057 quadrata,
2304 2990 2538 3041 lateribus

283 3064 453 3112 ceteris
489 3061 657 3109 lateris
696 3062 744 3108 in
769 3061 873 3110 basi
909 3061 1128 3124 partibus
1166 3061 1431 3123 maioribus
1469 3062 1663 3120 tegitur,
1703 3060 1757 3108 fit
1780 3062 2000 3123 regulare
2029 3067 2368 3126 compositum,
2409 3064 2541 3128 quod
2621 3068 2626 3071 ’

285 3133 724 3184 dodecaedron
781 3134 968 3182 dicitur.
1045 3133 1209 3181 Cubus
1256 3133 1350 3182 hoe
1402 3134 1579 3195 tegitur
1627 3133 1841 3196 undique
1892 3142 1940 3183 et
1988 3136 2145 3184 latera
2195 3137 2307 3186 cubi
2345 3138 2544 3201 singula

283 3209 483 3257 suntin
536 3206 741 3268 singulis
793 3205 1081 3255 dodecae'dri
1133 3207 1314 3269 planis,
1364 3205 1628 3268 angulique
1677 3207 1725 3252 in
1775 3208 1985 3269 angulis.
2064 3208 2204 3258 Haec
2258 3225 2373 3273 ergo
2423 3218 2538 3259 sunt

284 3282 514 3345 primaria
538 3279 805 3341 regularia:
847 3285 1143 3342 generatum,
1173 3285 1436 3338 exsectum,
1467 3280 1801 3341 compositum,
1830 3280 1995 3343 anguli
2022 3284 2153 3341 recti,
2183 3284 2328 3342 acuti,
2360 3283 2537 3332 obtusi;

463 3352 531 3400 At
571 3366 677 3400 cum
716 3353 859 3399 trium
911 3352 1082 3400 horum
1130 3359 1294 3400 centra
1339 3353 1482 3400 rectis
1531 3358 1906 3413 connectuntur,
1960 3354 2140 3415 rejecto
2180 3355 2418 3418 quidqu-id
2459 3364 2534 3406 est

286 3426 415 3474 ultra
453 3425 636 3484 lineas,
690 3426 908 3472 oriuntur
958 3426 1051 3472 tria
1088 3424 1376 3473 secundaria
1413 3423 1679 3486 regularia,
1730 3431 1890 3474 tamen
1940 3433 1986 3475 et
2025 3428 2132 3489 ipsa
2170 3429 2350 3490 angulo
2389 3437 2536 3490 recto,

290 3505 450 3559 acuto,
494 3498 693 3546 obtuso:
750 3496 1295 3559 quadrilaterangulum,
1332 3496 1777 3558 trilaterangulum,
1819 3500 2404 3562 quinquelaterangulum,
2448 3517 2541 3551 oc-
2609 3482 2616 3502 ⁸
2651 3496 2652 3500 ¹

288 3570 590 3630 taedron,
640 3570 1053 3630 tetrae'dron,
1100 3569 1504 3623 icosae‘dron.
1578 3569 1659 3618 Sic
1708 3571 1832 3618 redit
1880 3579 2128 3621 exsectum
2175 3575 2221 3620 in
2273 3589 2326 3622 se
2381 3576 2535 3637 ipsum

295 3643 512 3706 fiuntque
548 3656 747 3690 numero
790 3645 817 3691 5
858 3642 1114 3704 regularia.

468 3715 540 3762 Ex
579 3715 927 3778 compositione
964 3714 1171 3764 laterum
1211 3699 1432 3763 binorum
1470 3713 1772 3763 sociabilium
1798 3717 1847 3764 in
1874 3716 2114 3766 decussim
2152 3725 2199 3766 et
2237 3721 2539 3768 contectione
2607 3732 2610 3733 ’
2647 3715 2652 3779 ἦ

292 3787 398 3836 sive
436 3789 660 3837 auctione
710 3802 796 3852 per
832 3788 1110 3852 pyramidas
1151 3788 1349 3838 basibus
1388 3788 1722 3852 cognomineS,
1775 3791 1993 3838 oriuntur
2029 3791 2272 3839 rhombi
2319 3794 2538 3855 proximo
