2652 4088
327 224 396 280 70
1243 216 1272 261 J
1275 214 1432 261 oannis
1463 214 1650 272 Kepleri

326 371 533 416 abrasam
563 365 609 408 in
641 363 791 408 Albim
822 361 1014 407 devexit.
1077 363 1197 407 Saxa
1228 361 1421 417 denique
1453 364 1578 414 sunt,
1621 359 1728 404 olim
1759 360 1939 417 quidem
1971 360 2286 414 subterranea,
2315 373 2436 405 nunc
2467 373 2570 406 vero

323 442 445 481 terra
476 431 709 479 subducta,
742 434 974 482 montana,
1009 442 1122 484 quae
1154 427 1318 472 duritie
1349 439 1431 470 sua
1460 425 1786 482 perdurarunt,
1818 426 1948 480 gleba
1981 427 2147 471 circum
2179 426 2234 470 ob
2266 425 2572 471 friabilitatem

323 502 576 546 fatiscente.
622 496 746 539 Haec
777 506 913 538 causa
944 499 1033 547 est,
1065 509 1144 539 cur
1172 494 1217 536 in
1259 491 1487 548 plerisque
1526 491 1744 535 montium
1784 491 2049 536 culminibus
2078 491 2330 536 inveniatur
2359 502 2572 535 saxorum

327 563 574 619 congeries,
606 573 732 605 arces
766 559 871 604 olim
901 558 962 602 ibi
993 558 1132 602 fuisse
1162 557 1483 603 inconsiderati
1515 557 1816 603 affirmabunt.
1877 557 2001 601 Haec
2033 570 2170 600 causa
2201 562 2283 612 est,
2316 568 2430 612 quae
2461 568 2573 598 saxa

326 625 481 676 crebra
511 641 593 684 per
623 639 808 682 campos
851 637 1066 669 arenosos
1098 623 1283 668 Silesiae
1325 622 1550 678 dispersit.
1614 624 1723 667 Cum
1755 624 1871 668 enim
1901 623 2035 679 plena
2067 622 2125 665 sit
2154 629 2295 676 terra,
2334 620 2572 666 fluviorum

324 698 518 751 impetus
549 705 739 749 magnus
771 704 861 734 non
893 694 986 745 est;
1030 689 1242 734 eluuntur
1271 689 1408 744 igitur
1438 689 1605 745 passim
1636 689 1759 733 solae
1789 687 2036 733 valleeulae
2067 700 2148 731 ceu
2178 686 2330 731 fossae
2360 700 2387 730 a
2415 698 2572 741 peren-

323 762 453 807 nibus
485 756 834 814 scaturiginibus
865 755 1080 811 fontium,
1122 755 1321 828 parcitur
1351 754 1624 811 planitiebus
1656 753 1996 806 elevatioribus,
2036 752 2123 795 nisi
2156 758 2372 806 quantum
2409 751 2575 796 imbres

323 827 547 874 abradunt
590 825 645 869 de
677 824 776 879 ipsa
805 821 1046 866 latitudine
1077 819 1185 874 agri.
1246 819 1498 863 Exhaustis
1530 819 1641 869 illis,
1684 819 1755 863 his
1787 820 2014 875 depressis
2051 818 2187 876 longo
2229 818 2326 862 aevi
2365 817 2573 874 decursu,

323 891 608 938 denudantur
639 901 760 942 saxa,
794 899 908 943 quae
940 885 1045 929 olim
1076 894 1194 929 terra
1222 885 1435 941 jacebant
1467 885 1644 931 obruta.

496 954 616 999 XIX
652 954 762 998 Cum
803 964 927 995 mens
969 950 1028 995 sit
1066 957 1222 994 auctor
1262 949 1452 1006 ordinis,
1497 964 1580 995 nec
1626 950 1866 1006 quicquam
1904 949 2206 995 inordinatum
2244 954 2289 994 et
2319 947 2572 1003 confusum,

329 1021 448 1080 quod
479 1024 629 1064 mente
662 1016 928 1074 dispositum
961 1022 1052 1071 est,
1092 1017 1180 1060 nisi
1211 1016 1394 1060 arbitrio
1427 1030 1510 1061 usa
1538 1016 1792 1074 permiserit
1822 1015 2019 1061 habenas
2051 1016 2199 1061 causis
2228 1015 2575 1060 instrumentali-
2632 1059 2644 1073 f

325 1091 409 1135 bus
442 1101 468 1132 a
499 1100 548 1132 se
580 1082 792 1130 diversis:
826 1081 1040 1138 sequitur,
1072 1087 1122 1125 ut
1144 1094 1208 1132 ea,
1244 1094 1358 1136 quae
1391 1087 1497 1125 sunt
1525 1081 1792 1135 inordinata,
1822 1083 1868 1127 in
1899 1087 2118 1139 quantum
2137 1080 2404 1137 inordinata,
2438 1081 2528 1126 sint
2548 1094 2576 1126 a

326 1161 453 1200 motu
483 1152 804 1198 elementorum
838 1154 883 1193 et
912 1148 1183 1192 necessitate
1212 1147 1441 1193 materiae.

495 1217 595 1263 XX.
630 1216 738 1261 Cum
771 1215 910 1272 igitur
939 1214 985 1257 in
1019 1214 1255 1270 superficie
1287 1214 1488 1270 corporis
1521 1214 1704 1271 lunaris,
1737 1217 1954 1270 quantum
1984 1211 2040 1256 ad
2071 1215 2224 1268 partes
2256 1210 2568 1267 evidentiores,

324 1284 528 1333 confusio
572 1282 724 1337 aliqua
756 1279 1081 1336 conspiciatur,
1122 1280 1300 1336 aliquae
1331 1286 1483 1336 partes
1516 1279 1658 1335 altae,
1700 1279 1816 1326 aliae
1845 1279 2110 1341 depressae,
2152 1277 2266 1321 aliae
2298 1276 2573 1333 aequabiles,

324 1352 438 1397 aliae
469 1360 679 1406 asperae,
719 1358 905 1390 necesse
948 1351 1017 1389 est
1048 1345 1095 1388 in
1123 1344 1270 1389 lunari
1310 1357 1499 1401 corpore
1539 1359 1639 1391 esse
1681 1345 1850 1404 aliquid
1878 1343 2102 1399 analogon
2141 1342 2308 1387 nostris
2341 1342 2573 1388 elementis

325 1427 570 1472 eorumque
615 1411 912 1468 qualitatibus
954 1410 1099 1455 dictis.
1160 1412 1254 1455 Eas
1294 1410 1430 1455 liceat
1460 1409 1588 1455 nobis
1619 1410 1852 1468 appellare
1892 1410 2144 1455 nominibus
2173 1409 2356 1454 iisdem:
2399 1414 2451 1455 ut
2487 1408 2577 1455 sint

328 1486 500 1538 durum,
533 1477 723 1532 friabile,
757 1475 946 1531 aridum,
978 1475 1150 1520 humor.

496 1543 619 1589 XXI.
652 1542 765 1586 Sunt
794 1541 930 1597 igitur
956 1541 1162 1586 maculae
1194 1541 1353 1585 Lunae
1391 1540 1553 1586 humor
1592 1541 1777 1597 aliquis,
1821 1542 1897 1598 qui
1941 1555 2024 1586 sua
2063 1540 2282 1586 tinctione
2313 1545 2358 1585 et
2388 1540 2575 1585 mollitie

322 1616 475 1659 lumen
509 1609 625 1654 Solis
655 1607 854 1659 hebetat,
889 1607 966 1663 qui
996 1607 1128 1663 lapsu
1160 1607 1387 1663 aequabili
1419 1608 1539 1652 circa
1570 1615 1772 1652 centrum
1805 1607 1926 1662 globi
1957 1613 2170 1652 causatur
2201 1611 2246 1649 et
2276 1605 2579 1652 humilitatem

326 1685 371 1726 et
402 1674 770 1733 aequabilitatem
803 1673 1084 1730 superficiei3
1118 1680 1223 1718 sunt
1254 1680 1444 1729 montes,
1478 1673 1554 1730 qui
1586 1680 1632 1718 et
1662 1673 1974 1718 claritudinem
2007 1687 2034 1717 a
2059 1672 2162 1717 Sole
2194 1679 2426 1728 acceptam
2455 1673 2581 1717 sicci-

321 1751 415 1790 tate
459 1749 504 1786 et
536 1739 698 1785 duritie
741 1751 823 1782 sua
867 1738 988 1783 clare
1031 1739 1166 1784 etiam
1206 1739 1456 1795 revibrant,
1503 1739 1578 1796 qui
1610 1739 1656 1782 in
1688 1739 1827 1783 altum
1867 1752 2005 1794 supra
2035 1751 2255 1794 aquarum
2294 1737 2580 1795 superficiem

321 1811 576 1863 assurgunt,
609 1803 685 1861 qui
717 1809 762 1847 et
790 1803 1018 1860 inaequali
1049 1804 1244 1860 partium
1276 1803 1525 1848 elevatione
1556 1803 1841 1860 superficiem
1873 1811 2101 1861 asperant.

497 1868 642 1930 XXII.
675 1869 969 1923 Apparentia.
1013 1869 1138 1913 Inter
1158 1868 1357 1913 maculas
1380 1875 1449 1913 est
1471 1868 1701 1914 distinctio
1725 1882 1863 1913 causa
1885 1868 2190 1921 obscuritatis,
2222 1882 2323 1913 cum
2354 1867 2445 1911 sint
2466 1867 2582 1913 aliae

325 1936 422 1982 aliis
460 1934 691 1992 nigriores.
761 1933 846 1977 Est
885 1933 1002 1977 enim
1032 1948 1122 1978 una
1152 1932 1329 1978 macula
1359 1948 1386 1978 a
1417 1940 1570 1979 centro
1613 1934 1725 1979 disci
1763 1948 1918 1979 versus
1958 1934 2188 1979 meridiem
2228 1940 2421 1988 remota,
2465 1946 2581 1990 quae

323 2000 518 2059 speciem
548 2011 656 2055 prae
678 2011 726 2042 se
747 1997 834 2042 fert
857 1997 1003 2056 clypei
1033 1999 1246 2043 austriaci
1277 2005 1445 2051 (satura
1477 2000 1594 2044 enim
1626 2005 1696 2044 est
1724 1999 1912 2056 nigredo
1944 2013 2080 2057 supra
2110 2006 2155 2045 et
2187 1999 2333 2054 infra),
2364 1999 2409 2043 in
2433 1999 2580 2044 medio

324 2080 430 2112 vero
473 2064 617 2109 divisa
649 2070 718 2108 est
757 2063 893 2108 limbo
935 2065 1192 2120 aequaliter
1213 2067 1331 2121 lato,
1371 2065 1508 2122 paulo
1539 2066 1686 2110 minus
1728 2067 1920 2111 obscuro
1952 2079 2087 2123 quam
2118 2063 2340 2121 reliquum
2371 2065 2581 2121 spatium,

326 2133 474 2176 minus
505 2137 659 2174 tamen
689 2128 854 2185 lucido,
887 2143 1019 2186 quam
1052 2138 1206 2187 partes
1237 2130 1394 2176 Lunae
1424 2130 1615 2176 lucidae.

497 2197 668 2243 XXIII.
699 2197 750 2241 In
782 2197 913 2242 Luna
943 2196 1081 2253 igitur
1111 2204 1264 2254 partes
1295 2197 1577 2251 maculosae,
1610 2197 1698 2242 hoc
1730 2202 1799 2242 est
1829 2197 2037 2253 regiones
2068 2197 2330 2252 humentes,
2370 2195 2585 2242 differunt

328 2263 542 2320 gradibus
573 2263 787 2312 humoris,
820 2271 864 2307 et
896 2270 1000 2307 sunt
1032 2263 1147 2307 aliae
1181 2264 1415 2315 sicciores,
1451 2264 1567 2310 aliae
1594 2264 1888 2311 humidioreS.
1946 2265 2033 2309 Est
2063 2265 2199 2320 igitur
2231 2262 2399 2320 aliquid
2431 2261 2584 2307 analo-

325 2343 416 2385 gon
447 2329 613 2373 nostris
645 2326 938 2385 palustribus,
973 2327 1143 2384 aliquid
1173 2329 1302 2385 puris
1333 2330 1547 2375 maribus.
1609 2331 1683 2376 Sic
1716 2332 1833 2376 enim
1864 2331 1999 2376 etiam
2030 2329 2074 2374 in
2106 2328 2274 2373 nostris
2305 2327 2584 2384 palustribus

327 2400 539 2439 crescunt
569 2394 790 2449 gramina,
825 2393 1046 2449 calamus,
1073 2392 1255 2451 juncus,
1288 2394 1483 2452 arundo,
1513 2395 1776 2452 passimque
1807 2399 1988 2441 exstant
2018 2400 2063 2439 et
2093 2393 2280 2450 glebae,
2322 2406 2437 2450 quae
2479 2398 2587 2439 sunt

327 2449 468 2505 durae
502 2466 546 2504 et
578 2460 723 2503 siccae
754 2465 799 2503 et
831 2456 1095 2514 albicantes,
1129 2474 1246 2516 quae
1278 2461 1444 2506 clarius
1475 2462 1704 2506 revibrant
1735 2461 1852 2506 Solis
1883 2461 2048 2506 radios.
2649 2504 2652 2522 ἑ

499 2524 665 2569 XXIV
697 2525 986 2581 Apparentia.
1050 2525 1232 2582 Species
1263 2526 1564 2583 macularum,
1605 2528 1724 2572 circa
1763 2527 1927 2572 lineam
1958 2524 2217 2570 bisectionis
2248 2525 2582 2583 collocatarum,

327 2603 409 2647 per
440 2589 661 2645 dioptram
694 2589 907 2646 optimam
949 2588 1135 2634 offertur
1167 2590 1296 2637 oculo
1328 2591 1451 2636 haud
1483 2592 1700 2636 absimilis
1739 2591 1876 2636 faciei
1904 2590 2054 2648 pueri,
2088 2589 2266 2635 variolis
2306 2589 2582 2635 deformatae

326 2655 373 2699 in
414 2654 554 2698 altum
596 2653 1019 2710 protuberantibus,
1067 2655 1289 2710 siquidem
1330 2656 1449 2700 hanc
1489 2655 1651 2700 faciem
1693 2657 1918 2712 turgidam
1954 2655 2152 2701 illustret
2188 2656 2339 2702 lumen
2383 2656 2520 2701 radiis
2551 2671 2580 2702 a

327 2719 470 2765 latere
503 2720 719 2764 alterutro
752 2718 1051 2775 venientibuS,
1083 2720 1209 2765 verbi
1240 2733 1377 2765 causa
1399 2734 1426 2765 a
1445 2721 1640 2779 sinistro,
1676 2728 1725 2766 ut
1756 2721 1879 2766 sitin
1902 2734 1955 2765 ea
1976 2722 2150 2779 species
2171 2724 2341 2779 primae
2364 2724 2578 2780 quadrae,

327 2798 355 2828 a
385 2787 544 2831 dextro
584 2797 712 2840 vero,
739 2782 803 2829 'ut
844 2784 1083 2830 secundae.
1153 2785 1280 2830 Sicut
1322 2787 1438 2830 enim
1481 2787 1528 2830 in
1567 2788 1648 2832 tali
1685 2786 1802 2832 facie
1843 2787 2080 2833 tubercula
2121 2789 2391 2835 variolorum
2433 2791 2582 2836 omnia

328 2852 582 2897 clarescunt
614 2850 669 2895 ab
700 2850 777 2894 illo
810 2850 977 2907 latere,
1019 2851 1140 2907 quod
1172 2857 1241 2896 est
1270 2866 1427 2898 versus
1458 2852 1629 2910 lumen,
1669 2854 1737 2900 sic
1766 2852 1902 2898 etiam
1932 2853 1978 2897 in
2008 2853 2212 2909 partibus
2243 2855 2401 2898 Lunae
2430 2868 2581 2900 macu-
2627 2788 2652 2914 4

326 2918 435 2963 losis
467 2916 758 2963 disseminata
787 2924 1033 2962 cernuntur
1063 2916 1259 2974 spatiola
1289 2917 1506 2974 rotunda,
1539 2931 1654 2974 quae
1682 2918 1832 2964 omnia
1862 2918 1919 2964 ab
1940 2932 2030 2963 una
2050 2918 2185 2976 plaga
2215 2918 2339 2965 clara
2369 2926 2489 2978 sunt,
2521 2921 2580 2966 ab
2639 2922 2652 2951 l

329 2983 539 3041 opposita
568 2983 791 3028 umbrosa.
2644 2991 2646 2996 '

500 3050 639 3094 XXV.
673 3049 846 3106 Quodsi
877 3050 1013 3093 etiam
1045 3047 1103 3093 ad
1133 3048 1247 3092 haec
1277 3047 1472 3104 spatiola
1502 3062 1558 3094 ex
1587 3049 1665 3093 illa
1694 3049 1845 3108 plaga,
1877 3064 1904 3095 a
1934 3062 2023 3108 qua
2055 3049 2331 3106 clarescunt,
2367 3050 2483 3096 Solis
2514 3051 2582 3096 lu·

326 3129 430 3161 men
461 3115 760 3168 allaberetur,
806 3112 1166 3159 concludendum
1208 3118 1349 3167 esset,
1392 3126 1495 3157 vere
1535 3119 1603 3159 tot
1643 3126 1744 3160 esse
1774 3115 1820 3159 in
1849 3115 1979 3160 Luna
2020 3114 2277 3172 tubercula,
2323 3121 2435 3172 quot
2474 3121 2581 3161 sunt

327 3181 588 3238 hujusmodi
618 3180 821 3237 areolae,
855 3192 972 3236 quae
1002 3179 1048 3222 in
1079 3178 1220 3222 altum
1251 3177 1392 3222 ardua
1422 3178 1575 3223 lumen
1606 3179 1724 3225 Solis
1757 3180 1984 3237 excipiant
2013 3181 2346 3239 projiciantque
2379 3181 2581 3227 umbram
2638 3184 2646 3234 ἱ

328 3246 375 3289 in
405 3246 585 3302 plagam
617 3260 644 3290 a
676 3246 780 3292 Sole
812 3258 1028 3291 aversam.
1091 3245 1179 3290 Sed
1211 3246 1316 3302 quia
1347 3246 1622 3290 contrarium
1654 3245 1891 3300 cernimus,
1922 3252 2076 3305 partes
2108 3259 2167 3291 sc.
2192 3247 2443 3292 areolarum
2463 3247 2579 3306 illas,
2593 3293 2609 3310 ‹—
2630 3276 2652 3319 Υ

330 3324 445 3367 quae
477 3317 582 3357 sunt
610 3325 767 3357 versus
790 3311 953 3369 Solem,
986 3311 1291 3366 obumbratas,
1323 3317 1477 3368 partes
1498 3324 1603 3356 vero
1633 3312 1680 3356 in
1711 3313 1947 3358 adversam
1970 3313 2086 3358 Solis
2117 3314 2299 3372 plagam
2330 3312 2582 3374 vergentes,
2603 3318 2608 3323 '
2628 3312 2652 3369 '—

328 3377 528 3424 lucidas:
563 3379 788 3424 contraria
820 3379 954 3423 etiam
984 3378 1124 3436 priori
1154 3378 1300 3434 figura
1329 3377 1568 3422 tribuenda
1599 3383 1670 3423 est
1698 3378 1789 3423 illis
1811 3379 2031 3435 spatiolis,
2065 3384 2116 3423 ut
2145 3394 2235 3424 non
2266 3386 2504 3438 assurgant
2534 3380 2582 3424 in
2630 3390 2645 3427 Τη

331 3443 588 3499 colliculos,
631 3444 711 3488 sed
745 3444 960 3500 depressa
991 3444 1082 3489 sint
1110 3445 1156 3488 in
1189 3443 1406 3489 cavitates
1437 3442 1670 3488 rotundas.
1732 3443 1806 3488 Sic
1838 3445 1954 3488 enim
1984 3444 2057 3500 fit,
2099 3450 2150 3489 ut
2185 3446 2348 3492 limbus
2380 3445 2474 3491 Soli
2504 3446 2581 3492 ob·
2630 3443 2645 3490 ,ἒ

330 3521 484 3553 versus
515 3510 719 3555 umbram
749 3524 877 3555 suam
898 3510 1108 3567 projiciat
1137 3512 1182 3554 in
1213 3509 1399 3555 fundum
1431 3508 1650 3564 cavitatis,
1680 3508 1847 3553 limbus
1879 3523 1983 3554 vero
2016 3511 2266 3567 oppositus,
2286 3510 2401 3556 Solis
2430 3511 2609 3556 radios
2624 3503 2641 3552 ἰ

334 3574 603 3620 rectioribus
635 3575 813 3633 angulis
844 3577 1089 3632 excipienS,
1124 3576 1342 3621 clarescat
1370 3575 1523 3630 magis.

511 3642 675 3686 XXVI.
707 3641 916 3688 Axioma.
966 3642 1038 3685 Ea
1069 3656 1184 3699 quae
1216 3647 1322 3687 sunt
1352 3639 1568 3696 ordinata,
1601 3640 1638 3684 si
1669 3638 1837 3684 ordinis
1868 3654 2007 3687 causa
2038 3641 2199 3688 deduci
2230 3641 2387 3698 nequit
2409 3654 2436 3686 a
2454 3646 2581 3687 motu
2608 3580 2639 3699 I

333 3705 656 3750 elementorum
695 3712 774 3751 aut
805 3719 831 3749 a
862 3708 1134 3752 necessitate
1171 3707 1408 3763 materiae,
1448 3705 1576 3750 valde
1615 3704 1848 3761 probabile
1887 3713 1979 3767 est,
2023 3722 2123 3754 esse
2154 3708 2210 3752 ab
2249 3706 2404 3763 aliqua
2442 3721 2581 3754 causa

332 3770 494 3815 mentis
524 3775 747 3826 compote.
806 3771 997 3816 Axioma
1037 3772 1356 3816 declarandum
1387 3775 1456 3815 est
1487 3769 1719 3827 exemplis.
1779 3770 1924 3816 Linea
1951 3779 2077 3818 recta.
2117 3779 2187 3819 est
2217 3771 2470 3817 ordinatum
2499 3772 2579 3818 ali-

335 3833 454 3892 quid,
486 3834 647 3891 globus
678 3836 941 3892 plumbeus,
972 3839 1161 3883 emissus
1194 3851 1217 3882 e
1250 3837 1467 3894 sclopeto‚
1507 3835 1650 3880 fertur
1679 3836 1725 3880 in
1755 3836 1875 3882 linea
1904 3844 2040 3884 recta.
2101 3839 2187 3884 Hic
2215 3844 2362 3883 motus
2390 3852 2483 3884 non
2512 3844 2582 3884 est
2644 3867 2651 3883 2

337 3914 364 3947 a
394 3906 541 3944 mente
570 3900 732 3960 aliqua,
765 3902 846 3947 sed
875 3915 902 3947 a
922 3904 1193 3949 necessitate
1225 3902 1456 3948 materiali.
1500 3902 1693 3948 Materia
1722 3904 1840 3949 enim
1870 3904 2042 3952 nitrosa
2072 3903 2270 3963 pulveris
2301 3904 2577 3950 bombardici
2612 3911 2646 3974 ζ’

2606 3978 2615 3997 e
