2652 4088
1053 181 1092 228 1.
1126 180 1460 230 Mathematica.
2276 173 2378 234 153

138 339 187 385 et
224 348 323 398 quo
362 337 506 398 pacto
544 333 842 398 quantitates
882 334 981 382 sint
1018 329 1306 383 infinitae?
1339 332 1600 384 Sciendum
1636 333 1818 396 itaque,
1859 329 2116 396 dupliciter
2154 328 2378 382 conside-

136 409 230 458 rari
269 407 523 468 infinitum,
563 413 649 456 ant
685 414 798 456 actu
835 411 921 456 aut
955 408 1176 469 potentia
1213 405 1322 473 (ΙΙΙ.
1362 408 1452 457 Ph.
1493 421 1533 456 c.
1563 412 1610 456 4.
1640 411 1688 456 et
1716 407 1805 467 6.).
1877 405 2001 454 Nam
2043 419 2208 466 omne,
2248 402 2379 466 quod

138 495 246 530 esse
286 479 474 541 dicitur,
512 486 599 529 aut
635 486 749 530 actu
786 485 860 529 est
896 485 982 528 aut
1018 481 1240 542 potentia
1270 481 1382 543 (III.
1412 480 1501 529 Ph.
1534 485 1580 530 1.
1608 486 1656 529 et
1684 476 1766 545 6.).
1817 477 1943 527 Actu
1982 478 2223 526 infinitum
2249 475 2382 539 quod

138 555 323 613 attinet,
362 567 596 615 negamus
634 568 743 602 cum
781 551 1042 600 Aristotele
1081 552 1205 600 libro
1243 553 1334 600 ΙΙΙ.
1362 553 1451 605 Ph.
1494 567 1599 616 cap.
1633 556 1696 612 5.,
1736 551 1885 600 ullam
1923 566 2029 601 esse
2068 558 2178 600 actu
2216 550 2380 598 infini-
2431 615 2432 618 Ἴ

136 632 242 675 tam
283 628 617 688 quantitatem,
654 641 812 689 neque
838 625 1064 674 sensilem
1104 639 1262 687 neque
1301 626 1683 688 intelligibilem3
1723 624 1809 674 sed
1834 639 1992 687 neque
2025 638 2274 673 numerum
2300 622 2380 671 ul-

135 700 252 757 lum,
294 701 603 761 quantumvis
641 704 931 763 separatum,
972 700 1256 760 cogitemus.
1331 694 1571 747 Numerus
1612 699 1738 748 enim
1778 700 1956 758 omnis,
2007 703 2092 746 aut
2129 698 2201 758 id,
2250 695 2393 759 quod¹

135 787 386 821 numerum
424 772 587 831 habet,
628 787 685 820 eo
725 774 831 834 ipso
867 770 1165 819 numerabile
1205 777 1294 832 est,
1334 773 1498 834 itaque
1537 774 1576 820 si
1602 777 1764 834 potest
1788 770 2086 820 numerabile
2124 771 2378 830 numerari,

135 847 312 909 poterit
349 847 495 893 etiam
533 847 768 907 permeari
808 844 1060 904 infinitum,
1103 844 1235 906 quod
1273 845 1536 894 absurdum
1576 850 1649 893 est
1687 845 1940 893 affirmare.
2018 842 2178 905 Quare
2216 843 2377 892 nullus

136 933 363 967 numerus
401 924 514 966 actu
553 918 767 967 infinitus
806 924 894 967 est.
971 916 1069 966 Sed
1108 916 1238 979 quod
1277 917 1339 966 ad
1377 917 1643 980 potentiale
1682 917 1919 964 infinitum
1960 918 2146 977 attinet,
2186 915 2236 964 id
2275 931 2382 963 om-

136 994 251 1039 nino
291 996 340 1039 et
376 991 424 1037 in
461 992 672 1039 numeris
711 997 760 1040 et
797 992 845 1038 in
884 989 1302 1053 magnitudinibus
1338 991 1479 1051 inest,
1521 1005 1579 1039 ea
1605 997 1767 1040 tamen
1805 989 2088 1048 differentia,
2130 989 2380 1051 quaejam

137 1064 474 1127 explicabitur.
551 1063 672 1112 Cum
712 1064 808 1112 duo
847 1065 944 1111 sint
981 1063 1112 1112 modi
1152 1063 1433 1126 potentialis
1473 1064 1737 1123 infinitatis,
1779 1078 1904 1110 unus
1942 1076 2027 1125 per
2063 1061 2378 1122 additionem,

136 1138 257 1185 alter
292 1151 377 1199 per
416 1135 704 1185 divisionem
742 1136 854 1201 (ΙΙΙ.
894 1137 986 1186 Ph.
1028 1151 1133 1198 cap.
1164 1141 1212 1184 4.
1243 1136 1328 1199 6.),
1369 1135 1449 1184 hic
1488 1135 1683 1198 quidem
1720 1138 1768 1183 in
1795 1137 2020 1193 numeris,
2061 1134 2142 1183 ille
2167 1135 2215 1181 in
2242 1149 2382 1197 mag-

135 1209 435 1257 nitudinibus
472 1209 631 1258 locum
670 1210 835 1260 habet.
885 1209 1010 1257 Nam
1049 1209 1139 1257 etsi
1179 1212 1333 1257 omnis
1373 1211 1620 1271 quantitas
1660 1215 1733 1258 est
1760 1208 1975 1268 dividua,
2015 1209 2064 1254 in
2102 1207 2195 1256 hoc
2220 1213 2381 1257 tamen

138 1282 297 1332 differt
333 1283 563 1331 continua
600 1298 630 1331 a
669 1282 902 1342 discreta,
950 1281 1082 1344 qnod
1120 1288 1282 1344 partes
1323 1284 1537 1330 continui
1577 1281 1720 1330 divisi
1759 1296 1948 1344 semper
1986 1286 2184 1330 manent
2223 1282 2380 1330 conti-

138 1371 280 1416 nuae,
320 1355 414 1404 hoc
452 1362 525 1403 est
564 1354 818 1413 dividuae,
861 1361 911 1403 at
947 1361 1109 1417 partes
1150 1353 1294 1403 divisi
1332 1357 1518 1403 numeri
1557 1356 1651 1403 cito
1692 1354 1844 1403 dividi
1882 1355 2090 1417 amplius
2128 1367 2225 1401 non
2263 1368 2382 1417 pos-

134 1436 262 1478 sunt.
339 1427 430 1476 His
483 1430 610 1476 enim
661 1443 749 1477 ceu
802 1430 1053 1476 contrariis
1105 1427 1386 1477 differentiis
1439 1427 1730 1477 definiuntur
1780 1427 2091 1489 magnitudo,
2142 1441 2268 1489 quae
2319 1428 2383 1475 sit

136 1501 336 1551 dividua
374 1502 422 1548 in
461 1516 650 1564 semper
689 1500 981 1560 divisibilia,
1019 1515 1249 1549 numerus
1288 1515 1431 1561 ver0,
1474 1503 1557 1564 qui
1595 1503 1656 1549 sit
1697 1500 1924 1550 dividuus
1962 1503 2011 1548 in
2050 1499 2380 1562 indivisibilia,

133 1581 190 1623 ut
240 1574 360 1623 locis
409 1572 626 1637 plurimis
682 1574 895 1624 inculcat
940 1573 1252 1636 Aristoteles,
1313 1589 1519 1637 quorum
1566 1576 1869 1624 notationem
1925 1575 2181 1624 brevitatis
2237 1588 2385 1624 causa

136 1649 428 1697 omittamus.

306 1721 379 1769 Ex
419 1734 516 1783 quo
552 1721 761 1784 perspici
797 1726 987 1784 potest,
1041 1719 1287 1783 quomodo
1326 1719 1566 1769 infinitum
1604 1719 1859 1769 divisionis
1897 1718 2087 1769 accidat
2125 1719 2386 1782 quantitati

136 1795 410 1844 continuae.
486 1794 612 1842 Nam
649 1795 690 1842 si
729 1793 907 1843 alicubi
954 1800 1149 1857 propter
1198 1795 1490 1856 parvitatem
1540 1794 1887 1857 particularum
1936 1797 2147 1843 cessaret
2193 1791 2385 1855 divisio,
2457 1805 2463 1812 ¹

134 1874 430 1929 sequeretur,
471 1866 672 1929 aliquod
711 1869 991 1915 continuum
1030 1883 1090 1916 ex
1127 1866 1475 1915 insecabilibus
1514 1874 1752 1927 constare,
1792 1866 1923 1930 quod
1961 1872 2034 1915 est
2073 1872 2241 1915 contra
2267 1879 2387 1914 con-

134 1942 257 1988 tinui
294 1946 518 1988 naturam
558 1948 606 1989 et
644 1938 987 1989 definitionem.
1053 1939 1263 1989 Rursum
1303 1954 1361 1988 ex
1401 1954 1459 1989 eo
1497 1942 1798 2004 perspicitur,
1838 1941 1887 1987 in
1924 1941 2135 1989 numeris
2174 1953 2271 1987 non
2309 1941 2388 1987 in-

136 2028 244 2063 esse
292 2013 419 2061 banc
473 2012 738 2061 ablationis
785 2019 833 2062 et
884 2013 1138 2062 divisionis
1177 2013 1492 2071 infinitatem,
1548 2015 1663 2076 quia
1709 2016 1870 2062 unitas
1920 2019 1993 2062 est
2039 2014 2290 2060 minimum
2337 2014 2386 2060 in

133 2100 348 2144 numero,
389 2085 521 2148 quod
560 2085 713 2134 dividi
753 2086 961 2149 amplius
999 2100 1094 2133 non
1133 2092 1310 2148 potest.
1382 2086 1448 2134 Et
1483 2086 1718 2135 hactenus
1758 2085 1818 2135 de
1857 2086 2042 2134 infinito
2080 2087 2128 2132 in
2168 2087 2387 2148 potentia

133 2173 220 2222 per
257 2158 564 2207 divisionem.
639 2158 754 2207 Jam
794 2158 852 2208 de
893 2159 1077 2207 infinito
1126 2161 1174 2205 in
1213 2161 1434 2222 potentia
1471 2174 1556 2222 per
1603 2159 1899 2208 additionem
1937 2159 2087 2222 probe
2126 2158 2386 2207 tenendum

135 2238 224 2291 est,
264 2231 314 2280 id
353 2231 575 2280 bifariam
613 2231 922 2293 considerari,
962 2239 1047 2280 aut
1088 2234 1214 2281 enim
1254 2231 1339 2280 illa
1366 2234 1584 2296 potentia
1608 2239 1826 2282 nostrum
1854 2232 2150 2283 intellectum
2176 2232 2385 2295 respicit,

137 2311 185 2354 et
222 2306 293 2354 sic
329 2319 426 2353 non
465 2311 653 2353 tantum
692 2307 867 2366 quovis
914 2302 1139 2366 numer0,
1191 2303 1277 2353 sed
1315 2310 1366 2354 et
1402 2307 1577 2368 quavis
1614 2306 1947 2369 magnitudine
1995 2305 2150 2368 major
2197 2319 2386 2368 semper

135 2379 337 2439 cogitari
383 2383 547 2441 potest
595 2381 643 2426 in
683 2378 920 2426 infinitum
969 2392 1149 2440 usque;
1206 2377 1254 2425 id
1307 2379 1503 2440 quidem
1549 2381 1687 2429 initio
1742 2394 1936 2442 quoque
1975 2392 2257 2428 concessum
2297 2384 2385 2438 est,

134 2450 220 2500 sed
260 2451 338 2500 hic
374 2451 547 2499 modus
583 2465 680 2499 non
719 2459 792 2501 est
829 2452 975 2514 hujus
1013 2451 1107 2500 loci
1145 2453 1385 2514 proprius,
1461 2453 1563 2500 Aut
1611 2455 1808 2515 respicit
1854 2452 1940 2500 illa
1987 2452 2205 2514 potentia
2244 2451 2386 2500 addi—

135 2525 283 2573 tionis
324 2525 433 2587 ipsa
471 2524 686 2581 sensilia,
729 2531 777 2573 et
814 2531 930 2574 tunc
966 2530 1115 2587 negat
1152 2524 1440 2574 Aristoteles
1481 2523 1591 2590 (ΙΙΙ.
1629 2526 1721 2575 Ph.
1762 2541 1802 2574 c.
1834 2523 1914 2591 7.),
1956 2524 2014 2574 de
2054 2525 2386 2586 magnitudine

137 2597 399 2660 cujuslibet
435 2597 780 2658 magnitudinis
818 2597 1045 2647 definitae
1085 2612 1336 2646 excessum
1389 2600 1493 2647 sive
1531 2598 1828 2648 additionem
1878 2613 1985 2648 esse
2023 2612 2186 2660 posse.
2261 2598 2386 2646 Nam

136 2672 179 2719 si
218 2669 606 2731 concederemus,
645 2670 797 2720 ullam
832 2686 932 2720 rem
971 2677 1204 2734 quantam
1242 2684 1388 2733 posse
1428 2685 1533 2720 esse
1572 2672 1788 2721 infinitae
1826 2672 1968 2721 molis
2007 2678 2055 2720 et
2093 2672 2222 2719 omni
2250 2673 2387 2735 cogi-

43 2744 46 2793 }
135 2745 321 2792 tatione
358 2743 615 2805 majorem,
670 2750 798 2793 esset
836 2750 884 2793 et
919 2744 1013 2793 hoc
1051 2743 1436 2803 concedendum,
1477 2745 1611 2807 quod
1649 2745 1761 2794 talis
1799 2745 1953 2794 moles
1992 2759 2042 2794 re
2081 2758 2200 2792 vera
2237 2746 2301 2793 sit
2338 2746 2388 2792 in

137 2823 328 2865 natura.
406 2818 471 2863 At
508 2817 629 2864 nihil
666 2819 716 2864 in
755 2823 929 2866 natura
966 2822 1077 2866 actu
1115 2816 1356 2866 infinitum
1395 2823 1494 2877 est,
1551 2833 1664 2882 ergo
1717 2833 1874 2881 neque
1911 2819 2132 2881 potentia
2172 2815 2389 2873 additio-

2 2918 3 2922 =
48 2951 49 2954 Ἴ
136 2890 273 2938 naria
318 2890 578 2951 quicquam
616 2890 856 2939 infinitum
903 2905 1009 2940 esse
1049 2889 1411 2939 concedendum
1464 2895 1537 2939 est
1574 2894 1623 2939 in
1664 2894 2002 2941 continuorum
2042 2904 2234 2952 genere.
2309 2890 2386 2939 De

134 2976 334 3011 numero
373 2976 489 3011 vero
526 2968 654 3012 recte
692 2965 761 3012 ait
798 2962 1100 3024 Aristoteles,
1141 2965 1272 3012 eunti
1313 2962 1375 3011 ad
1415 2963 1742 3026 pluralitatem
1781 2964 1851 3029 (id
1889 2971 1962 3014 est
1999 2962 2278 3027 procedenti
2306 2965 2388 3013 via

137 3032 437 3095 additionis),
476 3050 667 3099 semper
705 3042 754 3086 et
790 3039 838 3084 in
878 3036 1118 3085 infinitum
1158 3051 1349 3085 omnem
1387 3040 1605 3099 superari
1644 3052 1791 3101 posse
1829 3036 2203 3086 multitudinem.

307 3107 480 3170 Itaque
517 3108 641 3158 haec
680 3109 776 3158 duo
816 3111 1055 3158 contrario
1094 3109 1239 3158 modo
1278 3124 1330 3158 se
1368 3109 1567 3159 habent.
1619 3111 1675 3158 In
1703 3125 1902 3160 numero
1943 3110 2083 3158 datur
2120 3108 2386 3170 minimum,

136 3194 233 3230 non
270 3183 551 3241 maximnm,
590 3184 638 3229 in
677 3182 1011 3246 magnitudine
1038 3182 1178 3230 datur
1204 3183 1482 3241 maximum,
1523 3197 1619 3232 non
1646 3185 1914 3232 minimum.
1968 3180 2386 3244 Quemadmodum

56 3290 57 3298 ,
138 3255 264 3304 enim
303 3255 351 3300 in
390 3256 631 3303 continuis
670 3269 932 3318 nunquam,
974 3270 1033 3303 ne
1072 3255 1268 3321 quidem
1294 3269 1379 3317 per
1405 3255 1641 3303 infinitam
1669 3256 1972 3315 divisionem,
2012 3255 2291 3317 pervenitur
2324 3254 2387 3303 ad

136 3328 403 3385 minimum,
443 3329 512 3374 ita
550 3329 596 3374 in
636 3329 845 3377 numeris
883 3342 1147 3390 nunquam,
1187 3342 1247 3376 ne
1287 3327 1480 3389 quidem
1521 3343 1606 3390 per
1643 3329 1879 3376 infinitam
1920 3327 2232 3387 additionem,
2272 3342 2386 3390 per-

85 3450 91 3456 ,
138 3401 328 3447 venitur
365 3398 427 3446 ad
468 3401 745 3449 maximum.
821 3401 1004 3463 Estque
1043 3406 1247 3462 utraque
1286 3399 1406 3447 haec
1455 3400 1627 3448 infiniti
1667 3403 1885 3463 potentia
1924 3403 1991 3448 ita
2030 3414 2280 3460 connexa,
2335 3407 2388 3449 ut

135 3473 355 3535 potentia
393 3470 609 3519 divisorii
648 3472 820 3519 infiniti
859 3474 907 3519 in
948 3474 1177 3520 continuo
1217 3471 1279 3519 sit
1306 3485 1455 3520 causa
1491 3475 1739 3535 potentiae
1778 3472 2085 3522 additionarii
2127 3472 2299 3522 infiniti
2337 3475 2386 3522 in

62 3582 63 3586 ,
136 3546 363 3604 numeris,
403 3543 517 3591 dum
555 3543 739 3592 scilicet
777 3551 939 3607 partes
978 3558 1063 3606 per
1100 3544 1335 3591 infinitam
1364 3543 1652 3593 divisionem
1681 3548 1968 3594 constitutas
1995 3544 2183 3594 infinita
2213 3561 2385 3596 nume-

139 3631 301 3666 rorum
340 3631 530 3665 summa
568 3623 807 3666 numerat.
861 3614 998 3665 Unde
1038 3621 1124 3676 est,
1165 3615 1295 3678 quod
1336 3616 1452 3664 dicit
1490 3617 1793 3678 Aristoteles,
1832 3619 1958 3667 hanc
1996 3620 2183 3668 numeri
2221 3619 2385 3667 infini-

63 3686 66 3724 ἓ
138 3696 285 3739 tatem
323 3703 420 3737 non
460 3703 566 3738 esse
605 3688 925 3751 separabilem
963 3704 993 3737 a
1020 3688 1317 3737 dichotomia
1356 3691 1717 3752 continuorum,
1759 3706 1885 3752 quae
1925 3691 2118 3754 quidem
2159 3691 2385 3742 dichoto-

138 3764 264 3813 miae
303 3762 519 3810 infinitae
557 3770 695 3821 sunt3
736 3762 876 3821 item,
916 3776 1012 3810 non
1050 3761 1311 3810 subsistere
1347 3761 1423 3810 vel
1463 3777 1743 3825 permanere
1783 3764 1908 3813 hanc
1945 3764 2256 3826 infinitatem,
2298 3766 2384 3815 sed

68 3862 69 3884 i
138 3834 255 3886 fieri.
332 3835 456 3883 Nam
493 3836 826 3896 permanentia
863 3834 1009 3897 hujus
1047 3834 1301 3882 infinitatis
1351 3835 1592 3885 actualem
1630 3843 2043 3902 praesupponeret
2080 3838 2382 3900 infinitatem,

69 3912 71 3922 '
138 3906 231 3959 hac
270 3922 384 3959 vero
421 3908 524 3959 fieri
562 3909 718 3957 innuit
754 3907 854 3957 Ens
890 3906 1137 3974 quoddam
1174 3909 1223 3955 in
1261 3909 1497 3973 potentia.
