2652 4088
1067 113 1144 160 IV.
1175 113 1477 171 Astrologica.
1497 103 1502 113 ’
2285 115 2391 174 295

146 262 206 307 So
238 259 396 316 gewiss
425 260 487 306 ist
515 261 623 307 aber
653 260 725 307 die
756 260 904 308 Sache
933 261 1013 319 nit,
1047 262 1151 307 dass
1182 274 1310 307 mans
1331 261 1485 308 kunde
1507 261 1576 308 uff
1592 261 1663 307 ein
1687 262 1874 321 gewisse
1897 263 2018 309 Zeitt
2038 261 2241 320 pringen,
2273 261 2393 308 daun

27 383 29 385 Ι
75 354 78 355 ⁷
143 327 203 372 vil
222 327 511 384 particularia
530 327 755 383 einfallen,
787 328 857 373 die
878 328 1032 374 solche
1053 327 1329 373 universales
1352 327 1697 374 constitutiones
1719 328 1834 374 coeli
1863 329 2075 386 brechen,
2109 329 2216 374 dass
2246 328 2293 373 Ir
2312 327 2392 372 Ef-

22 397 29 454 ἠ
87 422 90 424 -
142 393 289 448 fectus
321 393 559 440 eintweder
587 393 822 451 anticipire
842 392 953 438 oder
969 395 1251 451 postponite.
1292 395 1360 439 Zu
1392 394 1494 439 dem
1524 407 1574 439 so
1606 392 1734 438 seind
1766 393 1838 437 die
1860 399 2010 440 motus
2031 398 2258 439 astrorum
2276 391 2395 438 noch

31 462 39 467 '
64 487 66 489 -
145 457 213 502 nit
243 472 366 516 gnug
397 459 650 516 erkundigt‚
682 458 883 507 befindet
912 459 1024 518 sich,
1059 461 1164 505 dass
1195 473 1242 505 es
1275 460 1357 506 offt
1384 460 1432 504 in
1462 460 1677 517 gradibus
1699 458 1909 515 manglen
1941 459 2043 517 will,
2076 457 2330 516 geschweig
2348 457 2396 502 in

143 524 343 569 minutiS.
401 523 488 568 Ein
520 524 642 569 Grad
680 523 788 569 aber
826 524 898 570 ein
937 531 1070 583 gantz
1102 527 1184 572 Jar
1224 527 1272 571 in
1305 527 1627 572 directionibus
1658 529 1885 582 austragt‚
1924 525 2032 569 item
2073 525 2145 570 ein
2186 521 2397 569 viertheil

145 591 268 635 einer
289 589 437 635 Stund
463 595 584 647 tragt
613 591 661 635 in
688 590 946 649 horoscopo
975 593 1070 637 vier
1100 607 1243 652 ganze
1273 594 1354 638 Jar
1384 607 1483 640 aus.
1536 591 1645 636 Ideo
1677 591 1737 636 ist
1766 606 1825 636 zu
1855 585 2080 648 erinnern,
2113 592 2159 636 in
2189 590 2396 648 praedic·

142 656 341 702 tionibus
380 669 561 702 manere
603 656 883 713 astrologum
919 658 966 702 in
997 659 1351 716 universalibus,
1394 660 1499 704 dass
1546 671 1595 702 er
1636 670 1718 715 sag
1756 658 1860 703 vmb
1903 658 1999 703 dise
2028 658 2149 704 Zeitt
2179 657 2396 714 allwegen

144 722 298 768 wurde
327 722 401 766 010
430 723 569 779 hitzig
597 723 742 769 fieber
761 722 1002 769 khommen
1022 727 1112 771 vnd
1142 727 1288 772 wurdt
1319 727 1415 772 dise
1434 727 1608 771 Person
1639 724 1686 768 in
1707 724 2047 782 Lebensgefahr
2067 725 2242 783 stehen,
2273 737 2396 770 110111-

147 789 238 834 lich
268 788 445 833 circiter
473 788 555 834 hos
585 788 657 833 vel
686 789 791 834 illos
823 802 964 835 annos
994 791 1084 836 1οᾶ
1114 793 1239 837 khan
1270 792 1448 838 solches
1482 791 1568 837 wol
1597 802 1678 834 vor
1709 791 1821 836 oder
1850 793 1970 837 nach
2003 791 2272 850 geschehen.

319 854 394 899 Sic
423 854 563 900 febris
591 855 684 913 illa,
702 868 851 912 ‘quam
882 856 1102 902 Dominus
1131 858 1354 915 Magister
1382 868 1547 914 passus
1578 867 1696 899 anno
1728 858 1891 903 aetatis
1921 859 1993 915 21,
2026 871 2208 903 causam
2237 856 2398 904 habuit

146 936 203 968 ex
240 928 284 973 ΕΙ
329 925 368 975 <5
405 924 669 966 oecurrente
700 921 967 980 horoscopo,
999 936 1116 980 quae
1147 923 1395 968 secundum
1426 921 1649 967 calculum
1679 921 1831 967 venire
1863 922 2095 968 debuisset
2126 936 2244 968 anno
2275 927 2396 969 0010-

146 991 204 1035 118
240 990 335 1046 ¹52}-
389 988 459 1033 Ob
482 987 600 1032 daun
631 986 773 1032 sehon
803 988 986 1033 solcher
1016 989 1261 1045 quadratus
1293 988 1448 1034 seinen
1470 985 1680 1032 effectum
1704 999 1932 1046 ergessen,
1965 1001 2015 1033 so
2047 989 2109 1034 ist
2141 988 2258 1034 doch
2277 989 2397 1035 noch

145 1055 212 1101 nit
241 1055 351 1100 alles
380 1054 580 1110 furvber,
610 1054 877 1110 praesertim
910 1068 1012 1099 cum
1043 1055 1121 1100 Sol
1152 1060 1359 1101 occurrat
1390 1054 1562 1100 caudae
1591 1052 1835 1110 Draconis,
1869 1054 1981 1099 facit
2010 1059 2060 1098 ut
2090 1055 2224 1101 Dom.
2255 1054 2399 1110 Magi-

146 1127 240 1167 ster
268 1121 501 1167 debilioris
532 1121 591 1165 sit
620 1132 738 1164 nunc
769 1120 1104 1165 constitutionis
1146 1121 1347 1178 corporis
1380 1133 1514 1177 quam
1544 1119 1677 1176 alias,
1721 1122 1772 1162 ut
1807 1118 1942 1164 facile
1977 1119 2140 1164 iterum
2171 1119 2319 1176 possit
2349 1119 2397 1164 10

146 1190 327 1234 morbos
358 1187 569 1234 incidere.
629 1187 761 1231 Dann
805 1186 960 1231 solche
999 1200 1212 1233 occursus
1245 1188 1541 1232 directionum
1572 1185 1644 1230 die
1683 1196 1872 1241 erregen
1903 1184 1999 1229 sich
2030 1184 2116 1242 bey
2147 1184 2234 1230 den
2263 1185 2391 1229 Men-

145 1255 285 1300 schen
315 1253 383 1299 uff
411 1253 567 1298 ettlich
590 1252 679 1309 Jar,
711 1252 775 1298 ita
805 1255 856 1296 ut
885 1250 1103 1297 Dominus
1135 1253 1335 1298 nondum
1365 1251 1546 1296 omnino
1569 1250 1851 1308 superaverit
1870 1249 1955 1294 hos
1982 1262 2213 1295 00001808.
2267 1250 2397 1295 Circa

145 1322 215 1367 34.
247 1321 407 1366 aetatis
438 1333 604 1365 annum
642 1321 683 1371 (ζ
721 1322 927 1364 occurret
954 1323 997 1366 ἱ]
1023 1323 1059 1372 0'
1109 1318 1333 1375 aspectui,
1379 1317 1498 1363 circa
1530 1318 1598 1363 38.
1637 1327 1744 1361 vero
1777 1313 1854 1359 Sol
1884 1315 2008 1361 venit
2037 1315 2096 1360 ad
2125 1314 2396 1373 quadratum

143 1387 325 1432 Saturni
345 1391 602 1443 aspectum3
635 1385 752 1430 circa
774 1396 886 1442 quos
908 1397 1050 1430 011008
1072 1385 1216 1430 multa
1245 1383 1529 1430 incommoda
1550 1382 1725 1428 ratione
1757 1381 2018 1426 morborum
2049 1381 2137 1427 sibi
2165 1381 2399 1426 imminent

143 1459 189 1498 et
226 1453 315 1497 alia
352 1452 486 1497 etiam
523 1450 779 1495 infortunia.
839 1447 904 1496 Et
931 1454 1085 1507 potest
1114 1451 1234 1509 fieri,
1267 1454 1318 1496 01
1347 1450 1396 1494 111
1427 1449 1515 1494 duo
1549 1461 1767 1496 occursus
1799 1447 2078 1504 conjungant
2108 1447 2318 1495 effectum
2351 1453 2398 1495 01

144 1518 222 1563 1110
251 1518 421 1563 incidat
450 1515 716 1561 intermedio
745 1519 949 1574 tempore
981 1517 1102 1562 circa
1134 1519 1206 1564 36.
1238 1517 1401 1562 aetatis
1431 1529 1614 1561 annum.

315 1583 464 1629 Morbi
505 1587 743 1628 sumuntur
771 1596 798 1627 a
828 1582 1054 1629 Mercurio
1094 1584 1288 1629 Domino
1328 1583 1584 1640 Horoscopi
1626 1581 1752 1627 laeso
1783 1594 1812 1626 a
1840 1580 2010 1638 Marte,
2050 1584 2097 1625 et
2137 1592 2165 1625 0
2207 1578 2400 1625 Saturno

54 1664 58 1669 ¹
144 1651 391 1697 constituto
430 1651 477 1694 in
509 1654 639 1695 sexta
679 1650 807 1694 domo
847 1649 894 1695 in
926 1650 1055 1707 signo
1088 1650 1371 1708 Scorpionis,
1417 1649 1464 1694 in
1493 1662 1585 1707 qua
1626 1647 1857 1706 signorum
1896 1645 2220 1692 constitutione
2250 1645 2403 1691 vesica

145 1719 398 1775 denotatur,
431 1722 586 1774 potest
615 1716 751 1761 etiam
778 1716 1023 1773 aliquando
1043 1729 1231 1762 causare
1259 1716 1433 1762 fluxum
1455 1714 1686 1772 sanguinis
1706 1726 1789 1770 per
1821 1713 2010 1761 urinam.
2062 1713 2217 1759 Venus
2248 1716 2400 1758 tamen

143 1784 365 1830 irradians
397 1783 642 1828 Saturnum
671 1782 788 1827 bono
822 1789 1013 1840 aspectu
1045 1789 1090 1828 et
1119 1783 1301 1841 Jupiter
1331 1785 1468 1828 etiam
1498 1781 1725 1827 curabiles
1757 1781 1938 1826 morbos
1968 1780 2155 1826 faciunt.

314 1851 441 1896 Haec
482 1849 762 1894 velocissimo
802 1848 975 1895 calamo
1013 1851 1283 1908 perscripsi,
1331 1856 1383 1895 ut
1418 1849 1625 1907 petitioni
1667 1854 1774 1893 tuae
1820 1845 2024 1893 nonnihil
2068 1845 2396 1903 satisfacerem,

142 1931 227 1965 nec
255 1918 409 1975 relegi.

316 1984 481 2028 Actum
510 1980 739 2039 Hagenaw
770 1993 885 2028 anno
921 1983 1047 2029 1593.
1079 1981 1152 2028 die
1185 1984 1251 2029 17.
1279 1981 1441 2030 Octob.

1469 2047 1707 2095 Helisaeus
1738 2044 1927 2094 Roeslin
1955 2042 2164 2093 Medicus
2193 2046 2279 2092 010.

21 287 67 320 5²⁰

986 2290 1071 2337 De
1107 2288 1554 2339 Direetionjbus.

1180 2371 1354 2428 (1601.)

318 2461 488 2528 Tycho
526 2463 611 2524 ait,
652 2463 700 2510 in
738 2459 984 2525 theologia
1021 2468 1070 2512 et
1108 2462 1374 2526 astrologia
1412 2477 1508 2512 non
1548 2477 1655 2513 esse
1694 2460 1997 2527 quaerendas
2034 2460 2275 2522 rationes,
2312 2459 2400 2511 sed

149 2543 338 2588 tantum
376 2534 683 2597 credendum,
725 2541 961 2598 quantum
994 2536 1095 2586 illic
1134 2542 1206 2586 081
1246 2536 1572 2598 authoritatis,
1611 2537 1691 2587 hic
1731 2537 2074 2600 experientiae.
2146 2533 2215 2584 At
2238 2533 2399 2584 hercle

149 2610 429 2677 philosophi
475 2610 723 2673 proprium
772 2614 866 2670 est,
925 2623 984 2657 00
1018 2625 1145 2673 quae
1189 2625 1276 2673 per
1314 2610 1661 2674 experientiam
1708 2609 1927 2660 stabilita
1971 2613 2084 2659 sunt
2122 2609 2184 2657 ad
2224 2622 2399 2657 causas

149 2699 265 2734 suas
311 2683 501 2733 referre.
578 2682 641 2731 Et
690 2680 965 2745 aliquarum
1015 2683 1205 2746 quidem
1262 2698 1420 2734 rerum
1471 2698 1650 2734 causae
1702 2685 1910 2734 inveniri
1958 2687 2165 2747 possunt
2217 2680 2399 2745 viaque

148 2756 414 2818 luculenta,
455 2770 553 2819 qua
590 2770 739 2805 causa
776 2757 826 2803 in
865 2756 1084 2806 effectum
1122 2772 1174 2807 se
1212 2757 1417 2820 prosert3
1465 2758 1593 2808 aliae
1630 2763 1745 2807 sunt
1780 2772 1883 2819 108,
1925 2770 2129 2820 quarum
2168 2756 2292 2805 ratio
2329 2756 2400 2805 ita

153 2838 228 2881 est
264 2832 315 2878 in
353 2831 603 2891 abstruse,
649 2836 705 2878 ut
741 2828 878 2878 reddi
917 2832 1111 2892 nequire
1159 2830 1381 2881 videatur
1427 2831 1608 2894 diuque
1653 2830 1807 2881 lateat
1856 2831 2077 2880 homines
2115 2829 2313 2893 penitus
2352 2831 2400 2878 01

151 2919 213 2955 ex
248 2909 369 2953 teto.
428 2902 551 2952 Sunt
576 2917 703 2966 quae
741 2902 850 2951 loco
890 2918 943 2953 se
969 2902 1146 2952 habent
1171 2903 1474 2965 intermedie,
1516 2919 1624 2954 cum
1664 2910 1749 2954 aut
1785 2905 1909 2954 ratio
1937 2902 2134 2967 quidem
2173 2905 2222 2951 et
2246 2914 2396 2952 causa

153 2979 202 3025 in
241 2978 447 3026 obscuro
486 2981 575 3038 est,
615 2978 699 3025 via
736 2981 915 3037 tamen,
955 2990 1054 3039 qua
1089 2993 1137 3026 se
1178 2990 1327 3028 causa
1363 2978 1545 3042 profert
1581 2980 1630 3026 in
1669 2978 1906 3038 effectum,
1945 2974 2397 3026 ratiocinationibus

150 3051 329 3101 nostris
366 3049 585 3113 legitime
622 3051 822 3100 inventa
862 3054 910 3099 01
947 3052 1220 3114 constituta,
1260 3056 1346 3100 aut
1385 3057 1552 3100 contra
1592 3066 1741 3100 causa
1781 3050 1976 3114 quidem
2016 3053 2187 3110 exstat,
2226 3046 2399 3096 modus

153 3138 270 3174 vero
308 3122 487 3186 agendi
525 3123 760 3172 obscurus
798 3128 977 3185 manet,
1018 3137 1127 3172 cum
1161 3131 1521 3175 causa‘remota
1548 3126 1809 3187 quaeritur.
1875 3122 2122 3172 Interdum
2158 3123 2209 3169 10
2234 3122 2398 3184 808ρὶ-

156 3198 293 3247 010110
333 3195 529 3259 quidem
567 3202 642 3246 081
679 3210 828 3246 001180
864 3202 1065 3259 remota,
1104 3197 1185 3245 sed
1224 3197 1521 3261 apprehendi
1550 3203 1679 3247 certe
1704 3198 1889 3259 nequit,
1931 3210 2039 3245 cum
2079 3193 2160 3244 vel
2197 3193 2399 3243 effectus

155 3270 234 3319 vel
272 3269 557 3319 intermedia
594 3270 736 3319 nobis
774 3284 872 3319 1100
910 3271 1031 3319 80118
1068 3278 1176 3318 sunt
1215 3271 1481 3334 explorata.
1531 3270 1624 3319 His
1661 3271 1711 3318 in
1740 3268 2106 3319 difficultatibus
2131 3265 2399 3316 industriae

155 3342 539 3406 subtilitatisque
588 3342 960 3406 philosophicae
1007 3344 1163 3392 virtus
1205 3350 1467 3407 spectatur.
1543 3343 1598 3393 In
1641 3342 1906 3406 astrologia
1944 3355 2058 3404 pars
2095 3339 2400 3389 nobilissima
2502 3387 2506 3393 .

157 3415 226 3465 de
265 3415 729 3465 directionibus
769 3422 868 3477 est,
921 3422 970 3466 et
1008 3417 1313 3467 confirmatur
1364 3417 1509 3467 valde
1555 3416 1867 3479 experientia.
1944 3412 2041 3463 Sed
2086 3413 2289 3463 confusa
2325 3417 2422 3493 08ξρ

157 3489 473 3552 experientia,
513 3490 777 3551 generatim
816 3495 1001 3540 testans
1040 3490 1099 3538 de
1139 3490 1420 3540 certitudine
1461 3490 1723 3550 doctrinae,
1762 3489 1811 3535 in
1850 3488 2012 3552 specie
2050 3500 2166 3538 vero
2206 3485 2266 3537 de
2304 3486 2400 3537 hoc
2432 3484 2438 3491 ¹

157 3562 239 3612 vel
277 3561 363 3609 illo
398 3559 545 3610 modo
585 3561 822 3626 dirigendi
859 3562 987 3612 fallit
1021 3577 1117 3612 non
1156 3563 1378 3626 vulgares
1417 3568 1605 3612 tantum
1644 3560 1941 3624 astrologos,
1992 3559 2079 3610 sed
2118 3563 2191 3609 est
2228 3560 2313 3609 ubi
2350 3564 2400 3610 et

157 3647 374 3685 summos
411 3633 633 3683 artifices.
711 3634 872 3684 Causa
909 3641 985 3686 est
1020 3637 1071 3683 in
1108 3635 1411 3684 multitudine
1451 3641 1737 3694 eventuum,
1780 3633 2128 3697 inaequalitate
2166 3634 2396 3684 materiae

157 3705 462 3768 sublunaris,
513 3720 639 3769 quae
691 3707 772 3757 vel
821 3708 956 3759 tarde
1004 3708 1084 3759 vel
1130 3714 1311 3771 promte
1362 3708 1552 3757 coelum
1589 3709 1837 3773 sequitur,
1893 3706 2101 3769 denique
2137 3707 2188 3755 in
2223 3721 2397 3758 manca

162 3783 424 3830 etiamnum
463 3781 775 3830 astronomia.
848 3780 1023 3846 Itaque
1061 3781 1206 3831 simul
1255 3781 1519 3830 subsidium
1557 3782 1883 3844 experientiae
1929 3781 2138 3845 petimus
2177 3796 2208 3831 a
2243 3781 2396 3831 ratio-

161 3853 487 3904 cinationibus
524 3859 727 3905 naturae
764 3855 1118 3918 consentaneis,
1157 3854 1295 3904 simul
1334 3860 1383 3906 et
1419 3868 1592 3906 causas
1632 3852 1952 3906 directionum
1991 3855 2360 3922 investigamus.
