2652 4088
1062 110 1145 159 111.
1176 110 1505 157 Astronomica.
2294 110 2400 167 267

147 276 262 311 nam
298 262 529 312 inermem
555 259 756 324 ancipiti
780 259 1054 322 machaera,
1093 265 1180 310 aut
1219 261 1302 323 qui
1339 259 1675 310 adversarium
1711 260 1763 306 in
1788 259 2000 321 equestri
2037 257 2224 309 ludicro
2265 260 2400 310 occi-

151 334 250 386 dat.
324 335 471 385 Initio
510 347 600 383 nos
639 333 915 383 defensores
955 333 1051 383 duo
1089 348 1256 383 secum
1293 333 1512 394 adduxit,
1552 348 1583 382 a
1621 333 1801 396 quibus
1842 333 2054 381 omnium
2094 333 2400 383 confessione

149 406 288 456 nulla
322 408 600 457 necessaria
637 406 854 456 defensio
893 408 1078 469 sperari
1117 412 1312 470 posset;
1353 406 1526 456 deinde
1564 405 1701 456 illam
1730 420 1869 454 suam
1896 407 2142 468 ingentem
2168 411 2216 456 et
2241 406 2400 456 duris-

148 481 320 529 simam
361 481 552 530 clavam
589 479 983 529 mathematicam
1022 494 1133 528 cum
1169 480 1431 528 fortissima
1462 478 1627 542 funda,
1669 493 1766 543 qua
1791 480 2005 541 integras
2031 478 2253 529 Tellures
2293 479 2400 543 eja-

149 554 355 615 culatur,
395 556 590 617 penitus
627 553 825 615 abjecit,
866 552 925 602 de
965 553 1142 615 quibus
1180 554 1362 603 nemini
1401 552 1602 603 dubium
1641 566 1746 602 esse
1784 557 1964 615 potest,
2007 553 2123 614 quin
2160 567 2258 602 uno
2298 554 2402 602 ictu

150 632 199 676 et
235 641 334 675 una
371 627 685 677 circulatione
722 632 874 676 totam
912 625 1068 674 hostis
1107 627 1206 676 vim
1243 631 1595 689 prosterneret,
1646 627 1689 675 si
1725 625 1803 674 his
1841 625 1951 674 telis
1988 630 2230 689 uteretur3
2284 627 2401 689 quin

147 701 245 748 imo
285 713 451 749 omnes
488 698 734 763 epicyclos
773 700 1120 749 comminueret
1144 700 1193 746 in
1220 699 1474 761 infinitum,
1514 698 1635 748 illud
1659 699 1875 747 Primum
1899 697 2086 748 Mobile
2114 699 2401 762 sphaeram-

150 787 244 836 que
281 787 485 834 nonam,
521 773 625 835 jam
663 778 810 822 antea
846 772 1109 836 trepidanti
1148 774 1384 834 vicinam,
1427 787 1534 822 cum
1575 771 1659 821 illa
1696 771 1834 821 fictili
1871 772 1977 843 sive
2015 771 2232 821 tornatili
2271 771 2401 822 Solis

149 846 307 894 orbita
345 860 371 894 e
407 844 736 894 fundamentis
788 851 1039 895 everteret.
1127 845 1237 895 Non
1287 845 1395 896 vult
1443 846 1505 895 ab
1554 845 1631 894 his
1683 846 1829 894 armis
1876 845 2138 894 instructus
2185 845 2399 909 ingredi;

148 920 319 967 metuit
355 932 453 967 non
487 918 609 980 sibi,
649 917 737 967 sed
774 919 918 967 nobis
957 920 1059 968 suis
1099 919 1372 980 comitibuS,
1412 925 1467 967 ut
1503 923 1603 967 tam
1645 922 1858 967 atrocem
1895 932 2112 980 pugnam
2151 932 2310 981 aequo
2352 926 2401 968 et

148 990 389 1054 intrepido
414 992 576 1040 animo
603 990 854 1054 adspicere
878 994 1148 1055 possimus;
1190 995 1306 1055 quia
1342 1007 1388 1041 n.
1419 994 1468 1039 in
1506 991 1780 1041 rationibus
1805 991 2166 1040 mathematicis
2204 993 2399 1040 invictis

148 1066 196 1112 in
234 1070 491 1127 utramque
527 1071 716 1128 partem
754 1078 851 1114 non
891 1079 1059 1114 sumus
1092 1065 1316 1128 expediti,
1357 1065 1520 1114 nullae
1546 1062 1670 1114 tales
1698 1064 1979 1127 propositae
2006 1069 2147 1112 sunt:
2187 1064 2399 1114 leviores

147 1137 327 1187 videtis
363 1138 678 1199 ratiunculaS,
719 1142 767 1186 et
803 1137 1051 1188 levidense
1092 1139 1337 1201 quoddam
1365 1137 1834 1201 cosmographicum,
1876 1151 1972 1200 quo
2013 1136 2211 1186 indutus
2237 1142 2401 1186 noster

148 1210 444 1274 Copernicus
481 1210 628 1260 hodie
665 1210 857 1274 prodire
896 1211 1079 1274 voluit,
1131 1218 1186 1260 ut
1225 1226 1392 1261 omnes
1444 1210 1907 1271 animadverterent,
1958 1209 2124 1259 ludere
2162 1225 2215 1260 se
2253 1209 2398 1273 velle,

149 1298 245 1333 non
284 1298 519 1348 pugnare.
594 1284 669 1334 Ne
709 1298 824 1333 vero
865 1283 1031 1333 durius
1079 1284 1312 1347 quiddam
1348 1284 1421 1332 illi
1458 1285 1660 1334 subesse
1712 1284 1950 1347 suspicari
1991 1284 2219 1346 possitis,
2270 1285 2399 1348 agite

150 1357 407 1422 explicabo
444 1357 596 1421 paulo
634 1358 790 1406 fusius
826 1357 1126 1407 ratiunculas
1163 1357 1272 1407 illas
1311 1362 1359 1407 et
1397 1359 1590 1422 penitus
1629 1356 2034 1420 introspiciendas
2073 1356 2218 1406 dab0.

324 1430 586 1494 Principio,
623 1445 683 1480 ne
724 1445 898 1480 coecus
937 1431 1134 1494 quidem
1172 1433 1262 1480 tibi
1299 1433 1567 1494 negaverit,
1608 1432 1822 1479 omnium
1851 1445 1976 1493 quae
2002 1431 2189 1479 suntin
2216 1429 2396 1480 mundo

147 1519 405 1568 corporum
429 1505 900 1567 praestantissimum
927 1519 1033 1553 esse
1060 1504 1239 1566 Solem,
1282 1504 1419 1567 cujus
1459 1509 1563 1554 tota
1602 1506 1813 1553 essentia
1847 1502 1969 1551 nihil
1993 1502 2128 1553 aliud
2153 1508 2227 1553 est
2253 1519 2400 1567 quam

148 1578 233 1627 lux
270 1579 615 1638 sincerissima,
657 1591 754 1640 quo
781 1576 916 1626 nulla
941 1578 1098 1641 maj0r
1122 1578 1281 1639 stella,
1323 1579 1406 1640 qui
1432 1577 1566 1627 solus
1606 1583 1655 1626 et
1691 1592 1819 1627 unus
1846 1582 1919 1626 est
1949 1579 2163 1626 omnium
2189 1577 2399 1638 effector,

145 1657 473 1712 conservator,
511 1651 664 1713 fotor3
703 1651 811 1700 fons
836 1650 976 1713 lucis,
1015 1651 1244 1700 foecundi
1271 1651 1444 1699 caloris
1471 1652 1705 1713 saturig0‚
1740 1646 1857 1700 visu
1883 1651 2248 1714 pulcherrimae,
2287 1650 2402 1699 lim-

143 1725 443 1788 pidissimuS,
479 1725 784 1788 purissimuS,
824 1726 960 1774 visus
1000 1726 1151 1787 orig0,
1193 1724 1408 1774 colorum
1448 1726 1663 1774 omnium
1691 1733 1957 1788 expressor,
1997 1726 2101 1787 ipse
2142 1725 2274 1773 omni
2312 1739 2398 1774 co-

143 1798 245 1848 lore
282 1812 482 1858 vacam,
522 1797 629 1846 Rex
665 1797 972 1860 planetarum
1009 1813 1039 1846 a
1078 1803 1229 1859 motu,
1269 1797 1438 1846 mundi
1467 1797 1561 1847 Cor
1597 1813 1627 1846 a
1652 1799 1846 1859 virtute,
1888 1796 2074 1847 Oculus
2112 1812 2142 1846 a
2178 1796 2398 1860 pulchri-

143 1870 311 1921 tudine
350 1870 523 1933 dictus,
566 1885 809 1934 quemque
847 1886 998 1920 unum
1038 1871 1237 1934 dignum
1277 1886 1442 1921 omnes
1482 1872 1866 1932 aestimaremus,
1906 1873 1955 1919 in
1996 1885 2092 1935 quo
2119 1871 2256 1920 Deus
2284 1869 2396 1934 Opt.

141 1944 307 2010 Max.‚
343 1946 387 1993 si
424 1957 655 2008 corporeo
696 1943 941 1994 domicilio
982 1943 1304 1994 delectaretur
1343 1951 1391 1994 et
1430 1946 1539 2008 capi
1576 1943 1686 1994 loco
1725 1950 1915 2008 posset,
1964 1959 2072 1993 cum
2110 1945 2269 1994 beatis
2307 1959 2400 1993 an-

141 2018 265 2082 gelis
303 2017 614 2067 inhabitaret.
678 2016 803 2066 Nam
843 2020 951 2081 quis
988 2017 1127 2066 illum
1164 2019 1215 2066 in
1254 2016 1363 2066 illas
1402 2019 1665 2067 exteriores
1692 2024 1740 2067 et
1765 2018 2146 2081 supercoelestes
2172 2017 2399 2068 tenebras

143 2090 431 2151 extruderet,
473 2091 558 2154 qui
591 2089 751 2139 lucem
789 2092 1088 2140 inaccessam
1126 2091 1349 2140 habitare
1387 2090 1503 2140 Joh.
1549 2095 1629 2141 15.
1672 2091 1884 2141 dicitur?
1924 2090 2112 2153 Quodsi
2140 2090 2398 2159 Caesarem

140 2163 327 2228 eligunt
366 2163 598 2214 Germani
635 2178 760 2226 eum,
801 2166 884 2227 qui
921 2166 1073 2214 totius
1110 2165 1297 2229 imperii
1335 2164 1594 2228 plurimum
1633 2171 1821 2228 potest,
1862 2166 1971 2229 quis
2012 2165 2200 2214 dubitet
2237 2171 2399 2215 motus

141 2238 366 2288 coelestis
403 2238 634 2301 suffragia
680 2239 730 2284 in
770 2252 880 2286 eum
919 2238 1160 2299 conferre,
1215 2238 1298 2301 qui
1345 2238 1448 2301 jam
1501 2243 1646 2288 antea
1691 2243 1877 2287 ceteros
1931 2253 2098 2288 omnes
2146 2244 2308 2288 motus
2347 2245 2395 2288 et

27 2352 30 2368 ἐ
138 2311 453 2361 alterationes
492 2310 728 2360 beneficio
767 2310 904 2372 luciS,
945 2327 1093 2374 quam
1120 2326 1310 2360 omnem
1337 2310 1570 2374 possidet,
1611 2311 1957 2361 administrat?
2005 2311 2245 2375 Equidem
2273 2311 2396 2362 alias

29 2442 32 2460 Ι
69 2408 112 2447 q
138 2386 403 2447 cernimus,
443 2399 544 2434 rem
583 2390 632 2433 et
668 2386 897 2434 virtutem
937 2384 1232 2447 quamlibet,
1273 2399 1370 2448 quo
1409 2385 1566 2447 magis
1606 2400 1705 2434 una
1745 2390 1843 2447 est,
1885 2399 1943 2434 eo
1983 2385 2230 2434 fortiorem
2274 2400 2395 2447 esse,

30 2450 365 2516 .ἷ,ιᾱίίῖαεειω
402 2458 452 2505 in
489 2459 711 2521 partibus
763 2458 970 2522 singulis
1016 2460 1158 2508 citius
1206 2473 1515 2509 evanescere.
1594 2457 1832 2521 Quamvis
1882 2460 2031 2522 igitur
2068 2473 2165 2508 non
2206 2461 2392 2522 ignom,

31 2534 33 2544 ⁴
136 2545 237 2581 rem
275 2531 416 2581 aliter
452 2546 506 2580 se
543 2532 724 2580 habere
764 2546 871 2581 cum
910 2533 1182 2594 purissimis
1221 2531 1318 2580 illis
1358 2533 1581 2582 essentiis
1609 2538 1756 2595 atque
1785 2547 1893 2581 cum
1921 2531 2255 2582 accidentibus
2284 2546 2394 2581 cor-

136 2619 332 2668 porum,
383 2611 546 2654 tamen
584 2606 634 2652 in
671 2604 765 2654 hac
801 2619 851 2654 re
890 2604 1192 2668 impossibile
1233 2611 1332 2665 est,
1386 2611 1439 2653 ut
1492 2620 1682 2654 omnem
1732 2605 2063 2655 similitudinis
2113 2607 2392 2668 opinionem

138 2686 305 2740 exuat,
354 2680 439 2741 qui
483 2677 710 2728 meliores
761 2680 974 2727 rationes
1020 2693 1119 2727 nou
1171 2679 1335 2729 habet.
1414 2677 1536 2727 Cum
1576 2680 1723 2742 igitur
1761 2681 1970 2742 primum
2020 2686 2256 2728 motorem
2296 2694 2393 2728 non

138 2750 308 2801 deceat
345 2751 679 2801 orbiculariter
729 2766 835 2801 esse
883 2751 1136 2813 diffusum,
1188 2751 1275 2801 sed
1319 2753 1484 2814 potius
1531 2753 1593 2802 ab
1646 2767 1743 2801 uno
1797 2752 2009 2815 quodam
2056 2754 2294 2816 principio
2345 2759 2392 2802 et

138 2826 280 2888 quasi
317 2830 498 2888 puncto
538 2824 726 2888 egredi,
773 2830 910 2874 tanto
949 2840 1064 2874 vero
1105 2841 1158 2875 se
1197 2825 1381 2875 honore
1420 2824 1558 2875 nulla
1595 2840 1708 2889 pars
1749 2827 1902 2887 orbiS,
1957 2825 2043 2875 sed
2089 2838 2249 2889 neque
2287 2825 2393 2874 ulla

137 2897 281 2947 stella
318 2898 566 2959 dignetur,
606 2897 716 2960 jure
755 2900 938 2962 optimo
977 2898 1041 2948 ad
1079 2898 1245 2948 Solem
1284 2901 1405 2959 itur,
1459 2900 1542 2961 qui
1581 2898 1715 2948 solus
1754 2904 1801 2948 et
1841 2899 2081 2962 dignitate
2121 2905 2169 2949 et
2208 2900 2387 2948 virtute

135 2971 249 3020 huic
285 2977 446 3020 motus
486 2970 709 3021 officinae
747 2971 939 3021 videtur
978 2971 1184 3021 idoneus
1224 2971 1512 3034 dignusque,
1554 2973 1637 3035 qui
1677 2972 1756 3021 vel
1796 2973 1954 3021 Deum
1993 2973 2168 3035 ipsum,
2210 2972 2388 3020 nedum

136 3046 342 3109 primum
392 3049 627 3093 motorem
676 3046 853 3108 capiat.
942 3045 1114 3094 Tantis
1162 3045 1307 3108 igitur
1355 3051 1570 3094 mactum
1617 3045 1909 3106 honoribus),
1961 3046 2110 3093 tantis
2164 3050 2390 3093 onustum

136 3117 301 3168 Solem
350 3118 630 3167 muneribus
676 3123 819 3181 putat
857 3117 1153 3181 Copernicus
1192 3133 1245 3167 se
1286 3118 1502 3167 obtinere
1548 3132 1720 3180 posse,
1775 3126 1829 3166 ut
1867 3120 1917 3166 iu
1965 3117 2177 3166 medium
2219 3117 2387 3165 mundi

137 3190 345 3241 collocet
387 3193 619 3255 primum,
674 3197 728 3239 ut
765 3196 923 3238 motor
960 3194 1089 3254 ipse,
1142 3193 1268 3240 sicut
1305 3205 1391 3253 per
1428 3205 1480 3239 se
1521 3196 1594 3239 est
1648 3191 1908 3240 immobilis
1959 3192 2264 3251 necessario,
2317 3191 2387 3238 ita

135 3266 280 3314 etiam
318 3266 365 3312 in
405 3263 641 3313 immobili
670 3262 914 3313 domicilio
942 3263 1154 3323 haereat,
1195 3263 1323 3312 unde
1359 3268 1594 3325 tanquam
1635 3278 1660 3313 e
1697 3270 1860 3312 centro
1901 3269 1949 3312 et
1987 3263 2130 3312 corde
2173 3262 2386 3325 quodam

136 3337 302 3386 muudi
355 3351 442 3400 per
479 3334 713 3402 ἐνεργειας
751 3350 859 3386 sese
897 3338 1110 3399 proferat
1149 3334 1492 3398 aequalissime
1533 3335 1596 3384 ad
1636 3351 1805 3386 omnes
1857 3336 2171 3385 circumfusos
2226 3336 2382 3397 orbeS,

135 3410 262 3459 unde
300 3408 612 3473 postmodum
651 3408 912 3459 celeritatis
950 3411 1075 3458 ratio
1114 3411 1161 3455 in
1200 3408 1408 3470 planetis
1448 3408 1557 3455 iniri
1594 3408 1738 3457 facile
1777 3414 1955 3471 potest,
2018 3408 2183 3457 Motor
2215 3423 2389 3472 nempe

51 3512 53 3540 2
135 3498 276 3542 unua,
315 3481 463 3542 solue,
501 3483 686 3544 primus
724 3487 773 3531 et
810 3480 1008 3530 ultimus
1047 3483 1094 3528 in
1134 3483 1240 3543 ipso
1281 3486 1443 3530 centro
1483 3480 1673 3541 mundi,
1726 3482 1773 3528 in
1814 3495 1910 3543 quo
1949 3483 2199 3541 minimuS,
2252 3481 2299 3532 h.
2343 3497 2382 3532 e.

52 3558 72 3618 ᾖ
133 3555 299 3605 nullus
337 3560 412 3604 est
449 3554 674 3615 ambitus,
715 3552 813 3603 tale
853 3553 969 3616 quid
1009 3553 1168 3613 efficit,
1212 3553 1340 3615 quod
1369 3552 1616 3602 celerrimo
1644 3555 1798 3601 motui
1827 3554 1984 3602 simile
2012 3556 2090 3615 sit,
2132 3554 2262 3617 quod
2288 3569 2385 3604 non

54 3652 55 3655 ¹
134 3634 298 3694 potest
335 3628 428 3676 nisi
466 3627 740 3690 privatione
766 3631 927 3674 motus
955 3631 1002 3674 et
1039 3625 1284 3688 positione
1323 3626 1545 3689 principii
1585 3627 1825 3675 moventis
1860 3626 2094 3690 intelligi:
2137 3629 2251 3690 quia
2278 3643 2387 3677 mo-

54 3719 81 3736 2
134 3709 212 3752 tus
251 3700 450 3749 infinitis
487 3714 638 3763 prope
677 3699 897 3763 partibus
936 3700 1098 3761 potius
1141 3704 1214 3747 est
1265 3698 1355 3759 ibi,
1407 3697 1489 3747 ubi
1528 3700 1709 3761 primus
1757 3704 1895 3748 actus
1947 3699 2052 3763 ejus
2091 3707 2185 3761 est,
2239 3716 2384 3765 quam

134 3776 220 3824 ubi
258 3772 516 3824 secundus.
593 3772 670 3821 Ab
710 3786 768 3821 co
807 3778 1015 3834 punct0,
1070 3778 1233 3820 centro
1273 3785 1445 3834 nempe
1484 3769 1612 3820 Solis
1652 3777 1700 3820 ct
1737 3772 1903 3821 mundi
1952 3775 2214 3835 communi,
2267 3790 2382 3838 pro·-

12 3845 16 3857 '
56 3845 60 3902 ἶ
134 3848 291 3899 ferens
329 3861 438 3898 sese
482 3851 645 3896 motus
693 3844 1037 3909 aequalissime
1075 3845 1124 3893 in
1168 3845 1356 3894 vicinos
1395 3858 1617 3908 quosque
1659 3845 1822 3909 orbeS,
1873 3846 2070 3910 aequali
2117 3853 2296 3898 conatu
2333 3849 2381 3896 in
