2652 4088
343 143 415 223 ⁵42
804 160 807 164 ‘
1257 163 1446 210 ,Ioannis
1476 162 1661 222 Kepleri

341 316 411 356 est
439 314 652 367 exceptas
691 322 826 356 voces
863 309 974 357 istas
1008 313 1064 357 ab
1096 310 1254 356 animis
1283 310 1404 354 intus
1434 308 1601 364 furvis,
1645 308 1775 354 furva
1806 305 1955 353 omnia
1984 305 2330 362 suspicantibus.
2388 305 2588 351 Primum

341 376 520 432 quidem
551 374 780 431 exemplar
809 375 956 432 Praga
985 377 1200 433 Lipsiam,
1231 376 1335 421 inde
1366 374 1616 431 Tubingam
1645 374 1869 435 perlatum
1902 376 1972 418 est
2002 383 2120 415 anno
2150 371 2263 416 1611
2296 383 2323 415 a
2351 372 2530 416 Barone
2560 384 2588 416 a

337 439 671 488 Volckerstorff
697 439 885 497 ejusque
915 455 1090 486 morum
1121 446 1167 486 et
1197 440 1448 486 studiorum
1478 440 1719 497 magistris.
1780 439 2006 495 Quantum
2036 435 2167 481 abest
2201 443 2253 481 ut
2283 437 2499 494 credatiS,
2539 438 2588 482 in

334 507 567 552 tonstrinis
606 506 886 561 (praesertim
927 506 966 551 si
1007 506 1170 563 quibus
1212 511 1281 551 est
1318 505 1373 550 ab
1413 505 1710 562 occupatione
1749 502 2016 548 Fiolxhildis
2055 513 2181 546 meae
2217 516 2380 548 nomen
2420 504 2586 548 omino-

337 572 479 627 sum),
524 574 570 615 in
600 570 671 614 his
700 570 839 627 igitur
869 571 1208 616 confabulatum
1247 571 1389 615 fuisse
1429 569 1484 614 de
1514 570 1601 614 hac
1631 582 1731 614 mea
1769 568 1950 613 fabula?
2013 567 2145 612 Certe
2181 568 2389 624 equidem
2421 582 2478 613 ex
2508 569 2588 614 illa.

332 635 434 692 ipsa
463 635 573 680 urbe
605 639 650 678 et
683 634 815 680 domo
848 635 969 680 enati
1000 640 1105 680 sunt
1136 647 1364 680 sermones
1396 634 1451 679 de
1481 647 1552 679 me
1581 634 1682 690 ipso
1713 632 1978 678 calumniosi
2007 632 2212 688 proxime
2243 634 2588 680 succedentibus

334 702 478 757 annis,
511 701 588 758 qui
619 701 796 757 excepti
827 701 882 746 ab
915 701 1073 747 animis
1103 701 1297 746 insensis
1329 702 1512 746 tandem
1543 706 1812 747 exarserunt
1831 701 1878 744 in
1902 699 2079 755 famam,
2111 698 2336 756 imperitia
2365 705 2412 744 et
2431 713 2586 757 super-

333 766 514 810 stitione
544 765 846 811 sufflantibus.
888 767 987 813 Nisi
1016 768 1169 817 fallor,
1203 768 1268 813 sic
1299 767 1539 813 censebitis
1570 768 1774 824 potuisse
1803 771 1849 811 et
1880 765 2061 810 domum
2091 777 2237 808 meam
2269 777 2423 810 carere
2453 779 2585 811 vexa-

330 831 454 875 tione
485 831 718 876 sexennali
760 837 805 878 et
841 846 912 878 me
950 833 1312 890 peregrinatione
1344 833 1496 878 annali
1526 833 1754 889 proxima,
1794 831 1882 877 nisi
1911 829 2132 875 somniata
2162 835 2408 886 praecepta
2435 830 2586 875 Fiolx—

334 896 469 941 hildis
500 896 637 953 hujus
668 895 923 946 violassem.
967 901 1145 946 Placuit
1174 900 1312 956 igitur
1339 900 1464 955 mihi,
1496 899 1718 944 somnium
1749 899 1836 943 hoc
1856 910 2004 942 meum
2034 895 2191 941 ulcisci
2222 895 2279 939 de
2308 900 2488 953 negotio
2509 910 2586 943 ex-

330 962 473 1008 hibito
503 963 761 1019 vulgatione
791 964 946 1020 libelli,
979 965 1248 1011 adversariis
1280 964 1405 1009 aliud
1435 963 1654 1008 mercedis
1685 963 1783 1008 erit.

502 1030 544 1075 9.
575 1028 743 1074 Heclae
783 1031 946 1076 montis
986 1031 1196 1087 ignivomi
1237 1036 1347 1075 nota
1388 1034 1458 1074 est
1487 1029 1676 1074 historia
1718 1042 1775 1073 ex
1804 1028 1981 1085 mappis
2022 1033 2068 1073 et
2096 1027 2223 1073 libris
2255 1027 2581 1086 geographicis.

332 1093 386 1138 In
414 1106 578 1149 genere
609 1095 820 1152 supplicii
847 1098 1031 1154 respexi
1063 1096 1120 1142 ad
1151 1095 1364 1152 fabulam,
1397 1101 1448 1141 ut
1479 1095 1702 1149 existimo,
1734 1093 2025 1151 Empedoclis
2054 1094 2172 1139 illius
2194 1093 2316 1151 apud
2337 1094 2585 1149 Diogenem

326 1158 580 1218 Laertium,
625 1162 702 1217 qui
745 1175 846 1207 cum
885 1163 1079 1208 Aetnam
1123 1168 1322 1213 montem
1363 1162 1663 1216 ascendisset,
1705 1165 1756 1206 ut
1794 1159 1952 1204 divinis
1992 1166 2097 1218 post
2144 1161 2317 1206 obitum
2359 1160 2583 1216 potiretur

327 1224 590 1283 honoribus,
620 1227 667 1272 in
698 1227 823 1284 ipsos
855 1242 903 1273 se
936 1234 1133 1274 crateras
1167 1229 1399 1274 demisisse
1431 1241 1570 1285 seque
1601 1227 1790 1271 flammis
1820 1226 2080 1272 immolasse
2108 1226 2234 1271 vivus
2268 1226 2473 1283 fingitur,
2508 1227 2616 1282 qui»

323 1289 530 1336 fortassis
561 1304 721 1338 causas
751 1295 922 1339 aeterni
953 1297 1241 1352 quaesiturus
1278 1295 1473 1341 incendii
1504 1307 1730 1352 caecaque
1759 1295 2010 1339 temeritate
2041 1307 2308 1351 progressus
2341 1307 2421 1352 eo,
2463 1295 2584 1341 unde

323 1356 500 1411 regredi
529 1369 620 1401 non
648 1363 839 1416 poterat,
871 1359 1111 1406 fatiscente
1143 1362 1228 1406 sub
1259 1361 1457 1418 vestigiis
1489 1361 1689 1404 cinerum
1720 1359 1971 1405 incrustata
2001 1359 2261 1416 superficie,
2293 1373 2395 1405 sera
2424 1361 2579 1417 poeni·

326 1422 482 1467 tudine
512 1422 799 1482 curiositatis,
831 1437 915 1470 nec
947 1425 1040 1470 ulla
1069 1426 1216 1471 famae
1245 1424 1382 1481 hujus
1415 1438 1535 1477 cura,
1566 1424 1795 1482 lugentem
1826 1425 1995 1469 invitus
2018 1425 2185 1470 dimisit
2207 1426 2413 1472 animam.
2465 1427 2583 1471 Nam
2643 1423 2652 1444 ⁴

327 1487 462 1532 affine
493 1487 634 1532 satum
673 1490 717 1534 C.
739 1489 885 1534 Plinio
916 1489 1016 1547 fuit,
1049 1490 1126 1547 qui
1146 1490 1390 1535 Vesuviani
1421 1489 1548 1534 clade
1579 1489 1775 1535 incendii
1803 1504 1887 1548 per
1916 1491 2108 1536 infestos
2141 1491 2341 1537 cinerum
2372 1498 2418 1538 et
2438 1493 2579 1550 pumi-

325 1568 426 1599 cum
457 1555 623 1600 imbres
653 1555 1004 1613 philosophandi
1036 1568 1174 1600 causa
1204 1555 1531 1611 PompeJanum
1562 1555 1780 1612 invectus,
1812 1555 2057 1612 sulphureo
2088 1554 2259 1601 foetore
2291 1563 2336 1602 et
2355 1557 2580 1602 cineribus

325 1618 518 1677 oppletis
540 1621 778 1677 spiraculis
800 1620 1049 1667 suffocatus
1072 1628 1152 1666 est.
1200 1620 1273 1666 Sic
1293 1621 1516 1665 Homerus
1539 1621 1790 1676 aenigmate
1810 1622 2100 1678 piscatorum,
2130 1622 2396 1668 Aristoteles
2418 1623 2579 1680 Euripi

322 1687 752 1744 reciprocationibus
784 1687 1032 1732 excruciati
1063 1687 1199 1731 vitam
1229 1685 1275 1729 in
1306 1685 1452 1730 undas
1483 1685 1704 1741 abjecisse
1742 1686 1965 1732 fabulosis
1995 1687 2330 1733 narrationibus
2360 1688 2576 1734 feruntur.
2648 1713 2649 1717 =

322 1752 391 1796 Ita
421 1752 626 1810 plerique
656 1766 852 1798 amorem
882 1754 927 1797 in
959 1766 1008 1798 se
1039 1751 1253 1798 scientiae
1284 1751 1565 1797 ulciscuntur
1592 1757 1862 1809 paupertate
1900 1757 1946 1797 et
1986 1751 2100 1797 odiis
2139 1753 2437 1809 ignorantium
2469 1754 2580 1799 divi-

321 1822 418 1863 tum
447 1820 721 1876 provocatis.
2641 1866 2643 1871 ⁴

497 1884 564 1930 10.
594 1884 743 1930 Allusi
774 1885 832 1931 ad
862 1898 1010 1930 mores
1041 1883 1260 1929 barbaros
1289 1881 1547 1927 idiotarum.
1607 1882 1654 1927 Si
1686 1882 1818 1927 etiam
1851 1881 2063 1928 scientiae
2093 1889 2283 1930 matrem
2313 1884 2407 1942 des,
2442 1899 2577 1943 quam
2636 1888 2652 1923 ·‘-³

321 1961 403 2006 ego
435 1962 575 2006 supra
608 1950 726 2004 dixi,
770 1950 1097 2008 Ignorantiam,
1138 1949 1379 1994 Rationem
1423 1960 1529 1993 vero
1566 1951 1763 2004 patrem:
1812 1947 2020 2003 equidem
2059 1948 2179 1994 hunc
2207 1955 2384 2039 patrem
2414 1951 2470 1998 ab
2500 1953 2577 1998 illa
2638 1942 2645 1954 ⁸

318 2020 462 2062 matre
491 2015 564 2061 vel
593 2016 791 2072 ignorari
820 2015 893 2060 vel
922 2016 1061 2061 celari
1089 2028 1172 2072 par
1203 2020 1286 2062 est.
2637 2059 2641 2074 ι,

496 2083 648 2131 11.1n
677 2083 894 2128 historica
933 2082 1236 2140 descriptione
1269 2082 1448 2128 Scotiae
1488 2086 1534 2126 et
1563 2081 1810 2140 Orcadum‚
1851 2085 2037 2128 auctore
2067 2082 2367 2140 Buchanano,
2407 2084 2575 2129 mentio
2635 2079 2641 2099 ⁶

314 2147 367 2193 fit
395 2148 648 2207 piscatoris,
680 2150 757 2207 qui
787 2164 888 2195 cum
919 2155 1041 2196 esset
1069 2163 1287 2196 annorum
1307 2151 1403 2207 150,
1432 2163 1489 2194 ex
1515 2149 1762 2206 Juvencula
1791 2162 1934 2196 uxore
1954 2153 2087 2206 pater
2127 2148 2188 2194 sit
2220 2148 2370 2195 factus
2402 2150 2576 2207 aliquot

313 2212 569 2260 liberorum.

488 2280 561 2327 12.
592 2279 710 2337 Quia
739 2281 946 2339 superius
977 2282 1102 2327 nives
1133 2285 1179 2326 et
1200 2279 1479 2338 confragosa,
1508 2279 1557 2324 in
1579 2292 1752 2325 summo
1782 2279 1911 2338 ignes
1932 2292 1958 2326 6
1978 2280 2295 2338 subterraneis,
2326 2285 2377 2326 ut
2405 2286 2575 2327 testan·
2632 2299 2636 2306 ⁸

313 2347 388 2388 tur
414 2344 640 2391 historiae.

492 2413 557 2458 13.
592 2412 708 2469 Quia
727 2412 928 2459 Islandia
956 2412 1041 2458 sub
1070 2411 1218 2471 polari
1247 2412 1416 2457 circulo
1448 2415 1519 2457 est
1539 2411 1640 2457 sita.
1690 2411 1765 2457 Sic
1786 2410 1935 2456 audivi
1968 2411 2103 2458 etiam
2124 2424 2152 2458 a
2172 2411 2387 2489 Tychone
2407 2411 2572 2469 Brahe,

316 2469 395 2527 qui
421 2468 535 2515 haec
566 2483 623 2515 ex
652 2471 800 2516 relatu
829 2472 1058 2518 recensuit
1089 2472 1290 2528 episcopi
1320 2470 1547 2517 Islandici.

488 2537 558 2583 14.
590 2538 844 2583 Medicinae
876 2544 921 2584 et
950 2538 1249 2583 astronomiae
1281 2536 1432 2582 studia
1462 2541 1676 2592 cognata
1705 2548 1763 2580 ex
1795 2535 1952 2582 eodem
1983 2536 2133 2592 fonte,
2165 2535 2389 2581 desiderio
2417 2537 2571 2594 cogni-

311 2601 447 2647 tionis
477 2615 628 2649 rerum
657 2603 942 2650 naturalium.
1000 2604 1247 2650 Herbariae
1283 2617 1390 2649 vero
1432 2603 1671 2660 empiricae
1714 2602 1980 2659 plerumque
2018 2606 2125 2646 sunt
2161 2614 2364 2646 annexae
2394 2615 2558 2658 super-

312 2668 534 2715 stitiones
2623 2671 2627 2679 ’

484 2735 558 2782 15.
590 2733 717 2780 Trita
746 2739 816 2780 est
846 2735 961 2781 haec
990 2733 1189 2792 traditio,
1220 2748 1327 2780 vera
1357 2748 1414 2780 an
1444 2735 1572 2792 falsa,
1604 2735 1650 2779 in
1671 2733 1999 2792 geographicis,
2033 2733 2358 2790 gubernatores
2379 2733 2559 2780 navium
2619 2749 2624 2766 ³

310 2811 367 2846 ex
387 2799 587 2846 Islandia
616 2801 878 2858 navigantes
909 2806 1145 2846 ventorum
1176 2814 1308 2858 quem
1339 2801 1478 2847 velint
1508 2806 1663 2859 aperto
1695 2799 1816 2844 venti
1846 2805 1947 2845 utre
1979 2799 2142 2857 excire,
2173 2800 2295 2858 quod
2317 2801 2355 2845 si
2380 2800 2479 2857 quis
2500 2801 2557 2846 ad

308 2878 442 2912 rosae
471 2868 680 2913 nauticae
710 2867 922 2912 rhombos
955 2866 1288 2923 indiculumque
1309 2867 1611 2923 magneticum
1640 2870 1687 2911 et
1714 2865 1963 2911 rectionem
1986 2867 2279 2923 gubernaculi
2297 2867 2557 2924 transferat,

306 2932 347 2978 is
375 2945 483 2978 vera
512 2932 837 2989 propemodum
868 2932 1044 2977 dixerit.
1107 2932 1218 2978 Cum
1249 2935 1366 2979 enim
1396 2935 1452 2980 32
1483 2934 1606 2979 venti
1638 2938 1924 2987 censeantur,
1957 2945 2226 2989 quocunque
2258 2945 2315 2976 ex
2345 2932 2402 2977 16
2424 2931 2557 2978 unius
2648 2979 2652 2985 ,

307 2998 628 3055 hemisphaerii
657 2998 810 3053 flante,
843 2998 881 3043 si
911 2998 1228 3056 gubernatoria
1258 3001 1420 3057 peritia
1451 3000 1714 3052 accesserit,
1745 2997 1909 3043 indicio
1940 3011 2071 3044 rosae
2105 3004 2151 3042 et
2180 2999 2364 3055 remigio
2396 2998 2556 3056 guber·
2611 3031 2615 3035 -
2650 3042 2652 3060 ἱ

308 3063 459 3109 naculi
488 3065 615 3108 navis
647 3063 906 3120 impelletur
937 3064 1159 3109 destinato
1182 3066 1280 3121 ejus
1305 3066 1623 3122 hemisphaerii
1651 3066 1826 3122 itinere,
1858 3070 2016 3110 ventos
2046 3078 2151 3110 vero
2184 3065 2397 3110 contrarii
2417 3065 2555 3109 hemi·
2590 3061 2607 3089 ”·-

310 3130 506 3186 sphaerii
539 3130 822 3186 dispatiando
855 3130 913 3174 ad
942 3129 1089 3175 latera
1118 3143 1297 3175 rursum
1326 3144 1645 3188 prorsumque,
1679 3131 1799 3187 quod
1833 3130 2066 3188 appellant
2096 3131 2301 3189 Lavare,
2334 3131 2556 3188 tantisper

308 3196 511 3251 eludunt,
544 3196 651 3240 dum
679 3195 711 3239 ii
740 3196 786 3239 in
817 3208 972 3240 eorum
1002 3196 1214 3240 contrarii
1243 3197 1563 3253 hemisphaerii
1593 3210 1732 3240 unum
1763 3202 2107 3243 commutentur.

485 3263 551 3307 16.
582 3261 654 3305 Ita
683 3260 912 3306 referebat
943 3261 1181 3317 episcopus
1210 3261 1461 3306 Islandicus
1491 3262 1694 3318 Tychoni
1715 3262 1907 3319 Braheo,
1940 3262 2136 3319 virgines
2158 3261 2406 3310 Islan'dicas
2436 3263 2555 3309 inter

308 3325 579 3372 audiendum
613 3327 660 3371 in
703 3327 873 3384 templo
917 3327 1103 3372 verbum
1132 3327 1218 3371 Dei
1268 3326 1414 3372 solere
1445 3326 1565 3372 dicta
1597 3333 1676 3371 aut
1712 3340 1845 3372 voces
1877 3328 2117 3373 nonnullas
2149 3334 2362 3386 exceptas
2391 3341 2476 3375 acu
2508 3336 2555 3376 et
2600 3368 2602 3370 .
2640 3326 2646 3357 ‘³

305 3391 390 3437 filis
425 3392 638 3438 coloratis
668 3392 918 3438 admirabili
948 3393 1175 3438 celeritate
1206 3392 1253 3437 in
1282 3393 1433 3438 linteis
1464 3394 1714 3451 exprimere
1744 3394 1907 3438 nendo,
2642 3396 2646 3403 ⁴

481 3460 556 3504 17.
590 3460 742 3505 Scotia
771 3464 816 3503 et
846 3458 1094 3504 Orcadibus
1126 3458 1346 3515 superiori
1375 3471 1543 3503 oceano
1574 3459 1845 3515 praeteritiS.

478 3525 549 3570 18.
581 3525 762 3570 Scilicet
790 3525 866 3571 hic
897 3524 1078 3571 sacculo
1108 3525 1273 3581 caruit,
1310 3528 1362 3568 ut
1390 3525 1559 3571 boreae
1595 3523 1782 3580 injurias
1813 3523 2030 3582 effugere,
2073 3525 2385 3584 Nordwegiam
2415 3526 2550 3573 desti·
2636 3518 2641 3579 s

305 3594 458 3636 natam
489 3592 709 3648 attingere
739 3605 829 3636 non
858 3596 1034 3649 posset.
2602 3588 2604 3591 ’

477 3657 548 3702 19.
579 3658 653 3700 Ex
682 3657 830 3702 relatu
861 3657 1103 3715 Tychonis,
1133 3662 1186 3702 ut
1216 3668 1352 3714 supra
1380 3656 1436 3703 N.
1468 3657 1537 3700 13.

479 3721 549 3767 20.
579 3723 647 3765 De
677 3723 937 3779 rangiferis,
979 3737 1212 3769 cervorum
1243 3722 1664 3780 septentrionalium
1703 3734 1889 3781 genere,
1934 3723 2091 3769 scribit
2127 3723 2186 3769 ad
2214 3724 2547 3780 Landgravium

305 3787 497 3833 Hassiae
526 3788 679 3845 Tycho
709 3790 929 3846 Braheus,
960 3802 1038 3835 eos
1070 3802 1160 3832 non
1192 3790 1354 3835 durare
1382 3789 1428 3833 111
1456 3789 1623 3848 Dania,
1656 3790 1777 3847 quod
1807 3789 1887 3836 illa
1915 3791 2203 3847 quantumvis
2231 3790 2393 3847 frigida
2422 3792 2545 3847 regio
2576 3804 2582 3811 ²

304 3854 627 3902 multo‘tamen
658 3854 717 3900 sit
735 3855 928 3913 tepidior
947 3855 1137 3912 Bodffia,
1167 3854 1403 3911 Finnonia,
1433 3853 1622 3913 Lappia,
1653 3855 1731 3900 uhi
1761 3857 1962 3902 nascitur
1984 3856 2071 3902 hoc
2092 3856 2271 3903 animal.
2320 3856 2546 3905 Islandiae
