2652 4088
1026 157 1064 207 Ι.
1095 159 1434 208 Mathematica.
2250 162 2359 219 197

279 309 410 375 Quid
445 312 693 376 proprium
730 310 914 360 habent
951 311 1149 358 maximi
1187 317 1410 375 respectu
1458 310 1620 360 situs?
1687 315 1731 359 1.
1770 309 2015 359 Maximus
2063 314 2237 360 transit
2274 327 2360 375 per

20 376 32 383 “
97 383 238 449 polos
276 399 469 443 eorum,
510 385 573 434 ad
612 399 735 448 quos
771 386 878 447 ipse
916 389 1075 432 rectus
1114 389 1212 446 est,
1262 391 1492 448 secatque
1532 399 1616 433 eos
1654 383 1891 435 bifariam.
1955 384 2065 433 Hoc
2103 399 2200 433 non
2240 386 2357 434 facit

95 459 265 508 minor.
346 463 394 509 2.
434 458 638 506 Maximi
684 460 807 507 inter
853 471 904 506 se
941 459 1059 506 recti
1107 472 1193 519 per
1243 465 1437 507 mutuos
1490 457 1629 520 polos
1668 463 1918 506 transeunt
1969 460 2172 520 axisque
2211 462 2356 507 unius

94 532 327 594 ‘competit
365 533 413 578 in
450 531 703 594 planitiem
741 531 956 579 alterius.
1036 535 1082 579 3.
1124 530 1326 579 Maximi
1380 537 1626 594 utcunque
1665 531 1789 580 inter
1827 545 1879 579 se
1928 531 2147 579 inclinati
2187 538 2356 580 secant

21 598 24 600 ⁷
93 619 148 653 se
184 611 354 653 mutuo
394 605 643 667 bifariam3
683 604 813 652 linea
851 609 1141 652 connectens
1180 607 1420 653 sectiones
1459 606 1631 653 transit
1667 618 1753 666 per
1792 610 2022 652 centrum.
2102 610 2149 654 4.
2189 605 2356 652 Maxi-

94 691 203 726 mus
241 693 327 741 per
363 677 504 740 polos
545 677 749 726 duorum
787 678 1106 726 maximorum
1147 677 1319 726 ductus
1357 685 1492 727 secat
1532 692 1615 727 eos
1654 679 1702 723 in
1745 677 2064 740 quadrantcS,
2116 693 2144 726 a
2185 685 2354 728 mutua

94 764 262 800 eorum
297 752 513 799 sectione
550 752 787 814 inceptos,

274 822 527 886 Quaenam
567 826 717 872 oritur
755 825 882 872 eirca
918 824 1155 872 maximos
1194 823 1454 886 peculiaris
1483 822 1740 886 operatio?
1803 823 2039 871 Doctrina
2078 823 2352 886 triangulo-

93 911 200 945 rum
239 897 602 959 sphaericorum
640 911 726 946 seu
763 898 887 946 ratio
927 897 1242 960 computandi
1280 897 1381 959 illa,
1421 911 1547 960 quae
1574 902 1688 945 sunt
1726 896 1788 944 ad
1817 902 2001 945 motum
2028 899 2236 959 primum
2263 912 2351 946 ex-

35 966 37 970 ’
89 970 370 1036 plicandum
409 964 700 1018 necessaria.

272 1041 402 1106 Quid
448 1049 522 1091 est
571 1042 867 1105 triangulum
918 1042 1264 1106 sphaericum?
1341 1042 1522 1104 Figura
1573 1043 1623 1089 in
1670 1042 1925 1104 superficie
1974 1041 2215 1106 sphaerici
2264 1057 2351 1091 seu

94 1115 243 1180 globi,
283 1120 546 1165 constituta
585 1131 644 1164 ex
679 1117 832 1165 tribus
870 1117 1079 1165 arcubus
1119 1117 1262 1163 trium
1302 1115 1588 1164 circulorum
1628 1117 1965 1163 maximorum.

262 1188 395 1252 Quot
432 1189 796 1238 considerantur
841 1204 916 1238 res
954 1190 1004 1236 in
1043 1188 1366 1251 unoquolibet
1415 1187 1694 1252 triangulo?
1755 1188 1879 1236 Sex:
1927 1190 2018 1236 tria
2068 1187 2223 1237 latera
2262 1203 2349 1238 seu

51 1251 59 1265 ’
92 1277 233 1312 arcus
273 1269 321 1311 et
357 1269 453 1312 tres
491 1262 674 1326 anguli.

268 1334 406 1398 Quae
445 1342 520 1385 est
555 1350 782 1385 mensura
819 1335 1027 1384 laterum
1053 1349 1140 1383 seu
1167 1333 1400 1382 arcuum?
1454 1333 1676 1383 Circulus
1718 1335 1820 1397 ipse
1848 1335 2088 1382 maximus
2118 1349 2227 1383 cum
2255 1349 2347 1383 sua

51 1467 54 1470 g
88 1407 327 1458 divisione
365 1411 414 1456 in
452 1416 613 1472 partes
653 1411 757 1458 360
797 1415 844 1457 et
882 1410 1035 1471 partis
1073 1410 1122 1454 in
1163 1412 1228 1456 60
1269 1407 1519 1468 scrupula,
1563 1407 1776 1470 scrupuli
1816 1409 1864 1454 in
1908 1413 1972 1456 60
2014 1407 2229 1456 secunda
2255 1414 2346 1456 etc.

85 1480 343 1544 Quaeritur
382 1484 532 1542 enim,
571 1497 711 1531 arcus
751 1482 957 1545 quilibet
995 1488 1146 1544 quota
1183 1495 1294 1543 pars
1334 1482 1397 1528 sit
1435 1481 1600 1528 circuli
1639 1482 1738 1541 sui,
1784 1483 1899 1543 quia
1940 1495 2106 1530 omnes
2146 1482 2348 1529 maximi

68 1560 199 1604 ,sunt
234 1557 358 1604 inter
394 1571 447 1605 se
486 1555 746 1619 aequaleS‚
798 1562 847 1604 et
885 1555 1077 1604 effertur
1115 1555 1362 1619 proportio
1401 1555 1597 1616 cognita
1647 1555 1825 1603 usitate
1877 1556 1927 1602 in
1965 1557 2178 1603 numeris
2219 1554 2348 1603 divi—

84 1629 238 1677 sionis
269 1628 374 1690 jam
413 1629 589 1678 dictae.

267 1702 327 1750 Et
364 1702 483 1764 quid
520 1703 715 1751 metitur
752 1700 984 1764 angulum
1032 1703 1082 1748 in
1121 1700 1366 1764 triangulo
1421 1699 1717 1763 sphaerico?
1783 1699 2062 1762 Quemlibet
2113 1701 2348 1765 angulum

81 1775 278 1824 metitur
315 1790 455 1824 arcus
495 1776 660 1825 circuli
685 1776 883 1823 maximi
908 1789 994 1838 per
1017 1774 1158 1838 polos
1184 1773 1470 1823 circulorum
1497 1774 1730 1837 angulum
1759 1776 2157 1824 constituentium
2199 1774 2344 1838 ducti,

81 1850 165 1913 qui
203 1862 345 1897 arcus
387 1850 450 1898 ab
489 1851 608 1913 ipsis
650 1849 841 1897 circulis
880 1848 1114 1911 angulum
1155 1848 1565 1897 constituentibus
1604 1850 1921 1910 intercipitur.

265 1921 397 1984 Quot
433 1929 547 1971 sunt
584 1937 765 1984 genera
802 1920 1153 1984 triangulorum
1181 1919 1576 1985 sphaericorum‘?
1629 1920 1882 1983 Quaedam
1909 1928 2020 1970 sunt
2046 1921 2344 1985 rectangula,

81 1994 323 2058 quaedam
364 1995 731 2059 obliquangula.
794 1994 914 2055 Illa,
969 2009 1077 2044 cum
1129 2010 1254 2043 unus
1302 1994 1593 2057 angulorum
1645 1994 1707 2044 ad
1746 1997 1997 2044 minimum
2044 2003 2118 2044 est
2165 2003 2342 2058 rectUS,

81 2067 221 2134 haec,
259 2083 368 2117 cnm
408 2083 576 2118 omnes
614 2076 711 2118 tres
749 2074 862 2116 sunt
899 2067 1103 2130 obliqui.

256 2141 513 2204 Quomodo
551 2142 692 2191 aliter
729 2141 1050 2191 dividuntur?
1113 2139 1367 2202 Quaedam
1405 2146 1519 2190 sunt
1563 2143 1818 2205 primaria,
1871 2142 2110 2205 quaedam
2163 2157 2342 2191 sccun-

34 2243 35 2246 =
81 2213 245 2277 daria,
297 2230 424 2278 quae
463 2222 511 2265 ει
547 2215 754 2279 prodiga
807 2214 902 2263 dici
948 2221 1149 2278 possent
1196 2221 1394 2277 propter
1443 2229 1694 2263 excessum
1720 2216 1822 2264 ‘vel
1873 2217 2096 2264 binorum
2134 2217 2342 2265 laterum

79 2302 227 2352 supra
265 2288 561 2350 quadrantes
601 2288 768 2338 circuli
805 2287 885 2337 vel
923 2289 1146 2336 binorum
1184 2288 1472 2350 angulorum
1511 2303 1659 2351 supra
1683 2296 1857 2351 rectos,
1900 2305 2025 2352 quae
2066 2305 2124 2338 ex
2162 2291 2344 2354 prima-

77 2363 162 2409 riis
199 2362 550 2424 intelliguntur,
592 2364 773 2426 quippe
812 2362 990 2424 quibus
1029 2376 1218 2425 semper
1257 2363 1577 2411 associantur.

260 2434 400 2484 Circa
439 2450 566 2499 quae
605 2437 755 2498 igitur
792 2441 1012 2484 versatur
1050 2436 1374 2483 astronomica
1412 2435 1669 2498 operatio?
1746 2434 1883 2484 Circa
1923 2437 2342 2500 primaria,·quae

76 2511 164 2575 put
197 2521 295 2558 non
335 2509 476 2572 plura
513 2523 610 2558 uno
649 2508 799 2558 latere
838 2514 924 2557 aut
961 2508 1096 2557 nulla
1137 2507 1423 2557 excedentia
1462 2508 1660 2557 habent.

257 2580 500 2644 Quidnam
539 2588 614 2632 est
651 2583 757 2645 ejus
798 2596 919 2646 opus
960 2583 1086 2631 circa
1110 2581 1235 2630 illa‘?
1284 2580 1395 2630 Hoc
1434 2589 1506 2630 est
1546 2583 1651 2644 ejus
1678 2596 1813 2646 opuS,
1856 2588 1909 2630 ut
1948 2598 2006 2631 ex
2049 2583 2200 2631 tribus
2228 2585 2340 2646 qui-

80 2651 365 2717 buscunque
405 2656 548 2716 datis,
590 2670 715 2718 quae
754 2662 867 2703 sunt
904 2657 951 2702 in
993 2669 1088 2703 uno
1128 2654 1386 2718 triangu10‚
1428 2654 1616 2718 reliqua
1654 2658 1747 2705 tria
1785 2658 2032 2719 incognita
2060 2658 2337 2720 investiget,

81 2740 179 2791 quo
217 2731 411 2778 nomine
451 2731 574 2777 varii
609 2744 727 2777 usus
769 2731 995 2778 existunt.

259 2800 448 2863 Quibus
485 2802 667 2865 regulis
706 2808 806 2850 tam
847 2804 968 2851 varii
1008 2816 1149 2850 casus
1188 2801 1532 2865 comprehendi
1572 2808 1620 2850 ει
1659 2802 1873 2866 expediri
1922 2801 2168 2866 possunt?
2229 2802 2339 2851 Non

40 2869 41 2874 ’
76 2873 252 2923 sufficit
288 2890 386 2924 una
421 2875 591 2938 regula
629 2876 853 2924 omnibus
893 2876 1103 2935 casibus,
1144 2881 1257 2923 sunt
1295 2881 1456 2923 tamen
1495 2875 1690 2938 aliquae
1728 2876 1987 2936 facilioreS‚
2030 2890 2154 2938 quac
2183 2875 2337 2938 pluri-

40 2942 43 2982 ἕ
78 2945 169 2996 bus
207 2949 400 2997 casibus
439 2951 681 3009 serviunt,
737 2963 939 3011 quarum
979 2950 1135 3011 prima
1174 2956 1222 2997 et
1260 2949 1549 2996 brevissima
1590 2955 1689 3009 est,
1733 2949 1863 3011 quod
1903 2951 2029 2996 sicut
2066 2964 2117 2996 se
2156 2948 2339 2997 habent

77 3019 141 3069 ad
178 3022 386 3070 invicem
426 3024 559 3070 sinus
597 3023 714 3070 recti
754 3023 986 3081 laterum,
1034 3023 1104 3070 sic
1142 3024 1290 3070 etiam
1329 3037 1380 3069 se
1427 3021 1610 3070 habent
1649 3022 1711 3070 ad
1754 3025 1960 3070 invicem
2002 3023 2136 3069 sinus
2177 3037 2336 3083 angu-

44 3090 232 3142 ,lorum
274 3098 634 3160 oppositorum,
686 3102 734 3144 et
770 3097 1109 3157 permutatim:
1161 3101 1214 3142 ut
1260 3096 1394 3142 sinus
1448 3096 1589 3142 unius
1637 3094 1804 3143 lateris
1858 3096 1918 3143 ad
1967 3096 2123 3141 sinum
2165 3094 2332 3156 anguli

80 3169 305 3229 oppositi,
347 3170 414 3216 ita
453 3170 587 3216 sinus
627 3167 825 3216 alterius
865 3167 926 3216 ad
965 3169 1040 3215 sui
1070 3168 1279 3230 oppositi
1309 3167 1471 3228 anguli
1500 3169 1657 3214 sinum
1687 3174 1733 3216 ct
1761 3169 2028 3215 conversim
2060 3174 2332 3228 utrumque.

77 3235 213 3289 Haec
250 3240 419 3303 regula
457 3240 588 3289 utilis
628 3248 702 3289 est
739 3244 786 3288 in
827 3242 1021 3289 casibus
1061 3241 1161 3288 his:
1216 3239 1410 3301 quando
1458 3240 1587 3288 latus
1637 3243 1882 3301 quaeritur
1923 3255 1979 3287 ex
2020 3238 2200 3301 angulo
2242 3254 2333 3302 op-

77 3316 237 3376 posito
278 3313 358 3361 vel
396 3312 604 3374 angulus
645 3328 700 3362 cx
741 3313 893 3363 latere
948 3315 1201 3376 opposit0‚
1255 3319 1303 3360 et
1352 3314 1591 3375 utrimque
1633 3327 1689 3360 ex
1732 3313 1840 3361 aliis
1889 3313 2079 3361 duobus
2120 3314 2242 3361 inter
2280 3327 2332 3362 se

77 3393 245 3435 mutuo
285 3388 537 3448 oppositis.

48 3470 49 3475 ’
253 3458 478 3507 Secunda
514 3458 706 3521 regula:
748 3456 943 3519 quando
982 3456 1111 3505 latus
1152 3457 1409 3518 quaeritur,
1451 3471 1538 3506 nec
1578 3463 1652 3505 est
1691 3457 1824 3505 aliud
1859 3459 2103 3520 cognitum
2142 3465 2334 3521 practer

80 3533 175 3581 tres
212 3531 445 3593 angulos,
486 3538 571 3578 aut
608 3530 805 3592 quando
845 3530 1053 3592 angulus
1095 3531 1368 3590 quaeritur,
1409 3544 1498 3578 nec
1537 3530 1668 3577 aliud
1710 3545 1855 3592 quam
1897 3533 1988 3580 tria
2027 3530 2181 3581 latera
2220 3539 2331 3581 sunt

63 3605 412 3667 praecognita,
458 3610 572 3651 tunc
609 3617 866 3664 processus
907 3608 980 3650 est
1019 3602 1123 3649 bic:
1161 3629 1233 3636 -
1271 3608 1458 3655 (Deest.)

259 3677 423 3724 Tertia
461 3674 652 3738 regula:
695 3674 890 3736 qnando
928 3681 1149 3722 neutrum
1189 3675 1359 3722 horum
1400 3674 1559 3722 locum
1600 3674 1762 3734 habet,
1805 3681 1918 3725 tunc
1959 3676 2246 3738 videndum,
2287 3680 2329 3727 si

54 3748 373 3812 ¹triangulum
412 3749 474 3796 sit
513 3747 846 3810 rectangulum
886 3762 946 3795 an
986 3760 1140 3797 secus.
1203 3747 1326 3795 Nam
1366 3748 1407 3794 si
1446 3755 1519 3795 est
1545 3748 1962 3810 obliquangulum‚
2003 3751 2327 3813 perpendicu-

81 3817 194 3870 laris
233 3837 290 3873 ex
329 3835 428 3871 uno
467 3819 768 3885 angulorum,
808 3834 894 3883 pro
932 3834 983 3869 re
1021 3826 1137 3869 nata
1176 3819 1355 3881 electo,
1399 3822 1446 3867 in
1484 3820 1613 3869 latus
1654 3822 1953 3886 oppositum,
1995 3826 2326 3876 continuatum
