2652 4088
1079 132 1116 179 Ι.
1144 133 1481 181 Mathematiea.
2304 133 2407 190 191

159 295 421 331 concursus
460 283 676 331 omnium
710 280 974 344 linearum3
1013 281 1100 331 sed
1140 282 1257 346 quid
1294 290 1367 334 est
1405 284 1485 333 hie
1522 296 1798 343 concursus,
1839 282 1933 331 nisi
1970 280 2171 346 planum
2208 282 2409 346 ipsum?

157 353 233 404 Sit
271 369 386 418 ergo
422 355 531 416 hoc,
572 363 626 405 ut
664 370 789 419 quae
827 355 982 404 forma
1018 358 1312 420 participant
1349 377 1406 425 τῃ
1446 375 1729 422 πενταγωνῳ
1769 355 2006 418 analoga,
2045 356 2325 419 imprimant
2364 362 2412 405 et

157 431 394 478 materiae
420 430 747 478 characterem
773 429 1209 492 quinquangulum,
1239 437 1292 479 ut
1316 431 1580 494 pleraeque
1607 429 1819 492 plantae,
1850 443 1974 491 quae
2000 429 2210 478 fructum
2233 429 2408 478 ferunt.

157 499 424 564 Propterea
464 504 613 552 etiam
652 502 794 551 flores
832 502 1090 565 sexanguli
1129 503 1198 550 nil
1235 510 1350 552 sunt
1387 505 1482 552 nisi
1519 504 1686 563 floreS,
1739 503 1854 565 quia
1893 509 1989 552 tres
2027 502 2194 567 anguli
2232 517 2412 552 sexan-

156 574 260 636 guli
298 577 550 638 porrigunt
586 590 640 625 se
678 577 727 624 in
764 575 1030 639 planitiem,
1071 576 1258 624 nullum
1298 591 1472 640 corpus
1512 575 1758 626 claudunt.

331 646 448 696 Jam
484 650 632 712 igitur
681 648 775 697 hoc
812 650 883 697 sic
931 648 1229 712 disputetur,
1283 665 1381 712 qua
1427 651 1616 698 ratione
1667 655 1801 698 reeta
1838 648 2106 707 efficiantur
2157 647 2411 712 sphaerico

157 721 352 779 similia,
394 736 459 773 sc.
499 721 722 784 planitie.
775 721 966 771 Similia
1003 724 1147 785 igitur
1187 723 1439 786 sphaerico
1481 729 1620 771 erunt
1658 721 1831 783 solida,
1873 737 1932 770 ex
1962 724 2119 784 iisque
2144 723 2243 783 illa,
2287 737 2413 786 quae

158 794 448 855 aequalibus
489 795 647 857 planis
687 801 735 843 et
773 796 1079 858 regularibus
1119 795 1424 845 clauduntur.
1488 795 1697 843 Planum
1738 795 1942 857 aequale
1983 795 2192 858 quadrat
2230 798 2276 843 in
2317 798 2412 845 cir-

158 867 343 927 culum,
400 869 484 930 qui
522 875 596 916 est
634 883 860 916 mensura
898 869 1208 931 regularium.
1286 868 1507 918 Circulus
1546 868 1749 917 efficitur
1794 870 2010 917 sectione
2048 869 2287 931 sphaerici
2327 883 2414 932 per

156 938 372 1002 planum.
445 940 573 1003 Ergo
614 954 724 988 cum
762 941 970 990 circulus
1008 944 1057 989 in
1098 948 1144 1003 3,
1187 947 1232 1003 4,
1277 946 1306 992 5
1347 948 1438 991 etc.
1487 943 1733 1005 portiones
1785 941 2017 1004 aequales
2067 942 2254 990 divisus
2306 945 2411 990 sin-

67 1011 70 1014 ’
156 1011 284 1075 gulis
322 1013 480 1073 lineiS,
519 1012 574 1061 fit
610 1013 811 1076 planum
851 1020 896 1075 3,
939 1017 988 1079 4,
1031 1020 1091 1064 5.
1114 1050 1126 1063 .
1149 1052 1160 1063 .
1188 1021 1250 1064 12
1279 1014 1526 1078 angulum.
1556 1041 1623 1050 —-

326 1085 555 1134 Proxima
581 1093 695 1148 post
718 1087 961 1149 regularia
986 1094 1113 1149 sunt,
1155 1103 1281 1150 quae
1310 1088 1470 1136 adhue
1495 1087 1672 1136 circulo
1710 1092 1822 1135 sunt
1860 1087 2163 1150 inscriptilia.
2215 1086 2408 1150 Hujus-

156 1158 290 1206 modi
327 1165 441 1207 suut
472 1164 554 1208 13.
620 1159 662 1206 A
691 1161 816 1208 cubo
844 1174 977 1221 vere,
1021 1163 1104 1223 qui
1142 1161 1313 1224 regula
1352 1175 1606 1225 corporum
1646 1167 1732 1223 est,
1772 1160 1986 1223 pendent
2010 1160 2294 1224 irregularia
2320 1175 2417 1210 non

16 1222 19 1247 ⁵
108 1293 113 1297 ¹
158 1232 461 1295 inseriptilia,
501 1232 836 1295 irregularium
874 1233 1146 1296 planorum.

333 1305 390 1353 In
429 1320 604 1368 genere
643 1307 903 1354 mixtorum
943 1322 1003 1356 ex
1040 1314 1172 1356 recto
1213 1314 1261 1356 et
1299 1322 1448 1357 curvo
1488 1313 1665 1356 natura
1702 1305 1847 1356 valde
1889 1311 1963 1355 est
2002 1320 2223 1369 operosa.
2289 1306 2415 1356 Nam

165 1379 320 1427 omnis
357 1386 519 1428 motus
559 1385 634 1427 est
671 1395 701 1428 a
738 1379 1052 1441 rectitudine,
1094 1386 1146 1430 at
1182 1382 1401 1429 vicissim
1441 1383 1598 1430 omnis
1624 1379 1843 1443 repletio,
1886 1380 2177 1443 aequalit‘aS,
2218 1387 2415 1429 ornatus

158 1451 403 1502 rotundat.
479 1452 690 1500 Nutritio
729 1453 909 1516 replet,
949 1469 1096 1517 saepe
1135 1454 1404 1518 aequaliter
1443 1453 1687 1518 procedit,
1738 1468 1852 1517 ergo
1891 1453 2135 1503 rotundat.
2209 1453 2417 1504 Rectum

158 1526 306 1588 igitur
345 1533 393 1574 et
429 1526 692 1574 rotundum
731 1533 919 1576 coeunt.
2134 1537 2138 1542 '

333 1598 500 1648 Lineis
541 1602 773 1663 competit
811 1600 1112 1663 rotunditas3
1163 1602 1320 1665 prima
1359 1606 1434 1651 est
1472 1601 1743 1662 simularie,
1793 1615 1852 1650 ex
1890 1600 2146 1665 sphaerico
2185 1606 2234 1651 et
2269 1601 2418 1667 plano

160 1678 385 1735 causata;
425 1673 540 1722 huic
577 1673 812 1723 adhaeret
848 1674 1055 1739 spir-alis,
1097 1676 1250 1723 mixta
1289 1689 1349 1724 ex
1387 1680 1519 1724 recto
1560 1681 1608 1726 et
1646 1667 1810 1727 curvo,

501 1941 709 1989 Modus
746 1942 1014 1990 tradendi
1050 1942 1338 1990 tironibus
1378 1942 1658 1989 elementa
1696 1941 2052 1999 geometriae.

332 2039 615 2104 Discipulus
654 2057 830 2092 cavum
869 2043 1177 2106 sphaericum
1215 2044 1377 2091 animo
1405 2042 1648 2106 concipiat
1674 2047 1721 2091 et
1748 2042 1889 2090 nobis
1916 2039 2165 2102 concedat,
2206 2042 2253 2088 in
2276 2040 2415 2103 cujus

155 2112 317 2161 medio
355 2123 588 2176 punctum
613 2117 694 2167 sit.
743 2116 986 2165 Punctum
1025 2131 1142 2166 vero
1182 2116 1366 2165 nullam
1404 2116 1555 2165 habet
1592 2122 1796 2179 partem,
1837 2114 1923 2164 sed
1961 2114 2068 2163 solo
2096 2115 2194 2162 situ
2232 2115 2416 2164 intelli-

155 2189 300 2251 gitur.
363 2187 422 2234 In
460 2189 713 2252 superficie
753 2191 899 2254 igitur
937 2190 1073 2239 aliud
1099 2192 1315 2253 signetur
1340 2196 1589 2254 punctum,
1629 2191 1753 2238 inter
1782 2203 1906 2251 quae
1932 2187 2027 2237 duo
2055 2189 2187 2237 viam
2225 2188 2416 2237 brevis-

157 2262 328 2309 simam
368 2260 652 2311 alterutrum
689 2270 981 2327 punctorum
1017 2263 1337 2327 perambulet,
1377 2264 1597 2326 vestigiis
1635 2262 1832 2311 relictis.
1907 2261 2046 2311 Haec
2083 2266 2244 2310 mente
2283 2263 2416 2310 acci-

158 2335 351 2398 piamus
391 2334 451 2384 de
489 2342 625 2385 motu
665 2344 714 2386 et
749 2339 972 2401 vestigiis
1011 2338 1334 2401 geometricis.
1381 2337 1486 2385 Erit
1523 2335 1618 2385 hoc
1654 2336 1786 2385 linea
1823 2341 1971 2397 recta,
2009 2337 2203 2398 punctis
2242 2337 2413 2384 termi—

158 2414 275 2457 nata
313 2407 504 2458 duobus
543 2426 574 2458 a
611 2410 768 2460 fronte
808 2418 857 2460 et
894 2417 1055 2474 tergo,
1109 2425 1207 2459 non
1254 2416 1417 2459 autem
1457 2410 1519 2459 ab
1557 2415 1764 2472 utroque
1802 2408 1978 2470 latere,
2034 2409 2150 2471 quia
2197 2409 2245 2455 in
2284 2407 2416 2457 latus

158 2495 249 2530 nec
287 2489 471 2544 quanta
509 2490 597 2544 est,
640 2498 730 2534 nec
766 2486 1013 2533 terminari
1052 2487 1172 2547 quit.
1248 2483 1342 2532 Per
1378 2482 1661 2547 hujusmodi
1699 2489 1855 2532 rectas
1894 2484 2042 2546 igitur
2082 2495 2249 2531 omnes
2277 2483 2415 2544 cogi-

160 2560 319 2603 tamus
359 2555 632 2608 distantias,
694 2556 810 2606 Jam
851 2559 991 2607 binas
1030 2557 1359 2620 intelligamus
1398 2563 1556 2606 rectas
1596 2557 1929 2619 aequelongas
1965 2557 2013 2603 in
2054 2569 2178 2604 cavo
2218 2556 2289 2603 sic
2328 2570 2416 2604 ex-

162 2634 325 2677 tensas
363 2630 629 2679 secundum
667 2633 892 2692 invicem,
934 2637 988 2680 ut
1027 2645 1319 2694 quocunque
1356 2630 1467 2679 loco
1507 2632 1570 2679 ab
1611 2632 1818 2679 invicem
1845 2627 2200 2692 aequedistent,
2242 2630 2416 2676 nonin

161 2701 320 2751 medio
360 2705 631 2766 propiores,
685 2720 831 2767 quam
869 2707 918 2752 in
959 2706 1134 2754 vicinis
1175 2704 1590 2766 extremitatibus3
1642 2705 1764 2752 inter
1814 2718 1935 2766 quas
1991 2701 2112 2751 duas
2159 2715 2246 2765 per
2286 2703 2415 2751 viam

161 2775 496 2825 brevissimam
548 2777 781 2827 alterutra
830 2778 1067 2828 linearum
1116 2793 1226 2827 cum
1274 2780 1373 2826 suis
1412 2779 1628 2826 terminis
1668 2776 1731 2825 ad
1771 2777 1970 2826 alterius
2018 2777 2247 2826 terminos
2286 2789 2414 2823 nun-

162 2862 306 2911 quam
345 2849 483 2899 alteri
521 2851 848 2914 aequidistare
897 2867 1119 2913 cessanS,
1174 2851 1508 2900 admoveatur.
1594 2850 1849 2900 Creabitur
1899 2852 2067 2913 itaque
2122 2849 2215 2897 hoc
2266 2847 2412 2897 modo

159 2921 387 2985 planities
427 2930 559 2973 recta
595 2940 681 2988 per
719 2924 915 2991 lineam,
954 2926 1121 2974 lineae
1154 2940 1269 2974 vero
1309 2924 1572 2988 parallelae
1612 2939 1698 2987 per
1735 2926 1868 2987 ipsos
1907 2925 2155 2972 terminos.

334 2996 532 3060 Eritque
571 2998 888 3061 planities
940 3001 1198 3048 terminata
1235 2998 1375 3047 lineis
1426 2996 1781 3061 parallelis
1830 2996 2066 3059 undique,
2116 3009 2213 3043 non
2253 3000 2414 3043 tamen

164 3080 312 3131 supra
351 3070 431 3119 vel
470 3070 607 3131 infra,
648 3073 765 3135 quia
803 3074 852 3119 in
890 3071 980 3120 has
1018 3074 1243 3135 regiones
1283 3086 1372 3120 nec
1399 3078 1583 3134 quanta
1623 3076 1710 3130 est,
1751 3084 1840 3118 nec
1878 3070 2122 3117 terminari
2149 3069 2269 3131 quit.
2320 3066 2414 3115 At-

165 3154 259 3203 que
298 3141 390 3192 hoc
416 3143 561 3191 modo
600 3144 1285 3208 parallelogrammum
1314 3144 1617 3204 habebimuS,
1659 3150 1867 3206 quatuor
1894 3141 2049 3203 lineis,
2090 3139 2294 3190 totidem
2322 3155 2414 3188 an-

162 3213 305 3276 gulos
344 3217 775 3278 constituentibus,
826 3217 1061 3267 clausum.
1141 3216 1331 3265 Accidit
1378 3219 1427 3263 in
1466 3219 1710 3265 creatione
1763 3216 1999 3264 linearum
2052 3215 2411 3263 terminantium

163 3300 437 3350 concursus,
477 3290 546 3337 ita
584 3296 651 3350 ut,
691 3292 732 3338 si
771 3290 1148 3353 producerentur
1172 3290 1346 3349 lineae,
1386 3304 1438 3338 sc
1477 3296 1646 3338 mutuo
1685 3294 1925 3349 secarent3
1966 3286 2216 3336 inclinatio
2256 3286 2415 3357 linea7

162 3373 267 3408 rum
304 3361 367 3410 ad
406 3377 690 3411 concursum
720 3363 895 3412 dieitur
933 3363 1235 3426 angulus.
1285 3362 1499 3410 Primum
1527 3364 1693 3424 itaque
1720 3363 1767 3409 in
1795 3359 2170 3425 quantitatibus,
2210 3374 2414 3423 quarum

164 3435 376 3483 rationes
415 3436 617 3496 inimus,
656 3444 770 3484 sunt
810 3435 994 3498 anguli.
1049 3436 1227 3484 Eorum
1265 3449 1489 3483 mensura
1528 3448 1654 3498 quae
1693 3435 1770 3495 sit,
1810 3435 1965 3496 primo
2005 3433 2412 3483 constituendum.

333 3506 506 3571 Itaque
545 3510 586 3556 si
626 3509 673 3555 in
711 3507 912 3571 planitie
952 3513 980 3556 2
1010 3508 1167 3557 lineae
1205 3522 1259 3556 se
1299 3514 1479 3568 secent,
1521 3512 1551 3556 4
1578 3508 1774 3555 omnino
1813 3507 1998 3555 faciunt
2022 3506 2246 3570 angulos,
2283 3505 2412 3556 idem

161 3586 393 3642 punctum
418 3582 785 3629 circumstantes
813 3588 860 3629 ct
886 3587 1038 3629 totam
1066 3579 1317 3643 planitiem
1343 3586 1653 3643 occupantes.
1719 3578 1804 3628 Sin
1832 3580 1902 3627 ita
1938 3594 1991 3629 se
2018 3585 2203 3640 secent,
2245 3585 2298 3628 ut
2321 3593 2412 3629 'ae-

161 3652 370 3715 qualiter
397 3667 494 3701 una
514 3654 561 3700 in
586 3653 786 3702 alteram
805 3652 1000 3713 incidat,
1018 3652 1148 3715 quod
1173 3652 1569 3715 perpendiculum
1592 3650 1779 3713 dieitur,
1801 3658 1950 3716 utque
1976 3659 2136 3702 erecta
2155 3658 2250 3702 stet
2269 3668 2415 3717 super

163 3725 380 3785 alteram,
422 3725 586 3789 anguli
624 3728 739 3775 recti
781 3726 1017 3774 (licuntur.
1077 3724 1231 3774 Aliter
1270 3726 1369 3774 bini
1406 3725 1521 3774 fient
1561 3725 1738 3786 obtusi,
1780 3725 1906 3774 binis
1945 3728 2101 3775 acutis
2139 3727 2413 3790 interpositi

162 3797 452 3847 alternatim.
537 3797 757 3861 Quatuor
795 3800 942 3861 igitur
979 3805 1137 3847 rectos
1186 3797 1312 3847 idem
1364 3799 1671 3847 circumstare
1713 3805 1945 3862 punctum
1990 3800 2319 3863 concipimuS,
2365 3806 2413 3849 et

160 3871 361 3935 proinde
387 3871 509 3922 duos
538 3887 597 3923 ex
624 3887 719 3922 una
746 3874 941 3937 regione
968 3872 1125 3922 lineae
1147 3880 1375 3934 punctum
1414 3877 1732 3923 transeuntes.
1797 3871 1977 3923 Rectus
2015 3873 2164 3938 igitur
2202 3872 2411 3939 angulus
