2652 4088
350 176 456 238 196
943 175 1230 227 collectanea
1258 187 1317 228 ex
1347 175 1577 229 codicibus
1604 179 2000 229 PulkoviensibuS.

1989 333 2046 380 (4.
2077 332 2118 372 7.
2150 329 2252 372 Dec.
2285 329 2430 375 1613.)

520 403 703 465 Figura
741 402 994 466 sphaerica
1033 403 1150 466 quid
1189 404 1301 453 est?
1361 403 1519 468 Supra
1543 404 1739 466 dictum,
1779 418 1887 454 esse
1924 402 2228 467 superficiem
2267 416 2467 451 curvam
2504 402 2605 465 pri-

348 491 477 526 mam
515 476 800 538 figurarum,
841 479 916 524 sui
954 477 1108 538 ipsius
1146 477 1474 540 undequaque
1510 478 1740 538 similem,
1780 493 1832 526 se
1871 479 1979 540 ipsa
2016 478 2195 536 nixam,
2235 476 2460 524 omnibus
2499 476 2603 523 suis

346 550 565 613 partibus
605 551 894 613 punctisque
932 549 994 596 ab
1035 564 1133 598 uno
1172 550 1337 613 aliquo
1378 557 1574 614 puncto,
1615 550 1747 614 quod
1786 556 1860 599 est
1897 552 1946 597 in
1986 551 2132 613 spatii
2162 548 2340 610 medic,
2379 547 2605 611 aequali-

346 630 419 671 ter
457 621 732 670 distantem.

516 694 769 756 Quaenam
807 695 951 743 nobis
989 694 1049 743 de
1087 695 1180 744 hac
1229 695 1384 758 figura
1421 696 1677 760 sphaerica
1714 693 2174 760 praecognoscentia
2219 699 2333 742 sunt
2370 699 2603 756 tanquam

343 770 620 817 necessaria
657 767 719 815 ad
759 767 1070 831 explicandas
1109 771 1158 815 in
1198 769 1405 831 sphaera
1442 770 1679 818 materiali
1717 771 1929 817 rationes
1968 769 2108 832 primi
2134 766 2333 816 motus?
2373 765 2603 828 Quorun-

347 841 457 888 dam
497 840 782 889 circulorum
823 843 869 886 in
897 855 955 889 ea
982 844 1354 890 constitutiones
1382 848 1431 889 et
1456 842 1518 891 ad
1544 857 1596 890 se
1622 848 1792 889 mutuo
1821 843 2224 905 comparationes.
2275 840 2402 889 Nam
2432 854 2603 903 super·
2647 895 2650 899 ,

343 913 469 962 ficiei
508 916 662 976 ipsius
700 915 973 977 partiumve
1013 915 1118 976 ejus
1158 917 1455 963 mensuratio
1493 917 1768 963 necessaria
1804 915 1884 963 hic
1923 921 1997 962 est
2035 915 2245 961 minime.

529 986 657 1047 Quid
697 986 918 1049 appellas
958 987 1223 1035 circulum?
1289 987 1509 1036 Circulus
1549 995 1624 1036 est
1661 991 1710 1035 in
1747 990 2014 1049 geometria
2052 986 2332 1050 superficies
2371 982 2534 1048 plana,
2573 998 2604 1033 a
2649 1027 2652 1031 ,

348 1059 600 1123 superficie
641 1059 895 1122 sphaerica
933 1060 1147 1121 undique
1185 1067 1407 1123 persecta
1446 1067 1493 1109 et
1530 1064 1801 1112 terminata.
1861 1061 1959 1109 Sed
1998 1062 2046 1106 in
2073 1059 2372 1108 astronomia
2397 1057 2603 1106 circulus
2647 1059 2652 1098 -’

346 1133 568 1181 definitur
609 1134 714 1195 ipsa
749 1133 880 1180 linea
918 1135 1148 1182 sectionis
1187 1140 1384 1183 mutuae
1435 1133 1568 1197 plani
1608 1139 1656 1188 et
1692 1134 1931 1198 sphaerici
1969 1135 2093 1181 inter
2131 1147 2183 1181 se
2223 1132 2601 1179 commissorum.
2646 1158 2652 1173 .

341 1205 466 1254 Nam
507 1205 640 1268 plani
679 1222 707 1253 a
744 1207 959 1255 sectione
1007 1207 1343 1270 comprehensi
1394 1206 1716 1256 consideratio
1769 1221 1919 1256 causa
1967 1208 2114 1270 spatii
2158 1203 2279 1252 nihil
2326 1203 2391 1252 ad
2439 1215 2600 1252 astro·
2644 1214 2652 1234 ¹

344 1280 553 1326 nomiam
595 1280 817 1342 pertinet,
2648 1279 2652 1298 ²

526 1351 777 1413 Quaenam
818 1358 891 1399 est
928 1354 1198 1415 proprietas
1239 1352 1444 1401 circuli?
1496 1351 1675 1401 Cir-culi
1709 1354 1872 1401 omnia
1910 1357 2091 1415 puncta
2129 1350 2399 1413 aequaliter
2425 1349 2602 1398 absunt
2644 1340 2652 1428 ᾗ

351 1427 414 1474 ab
453 1439 550 1473 uno
592 1425 756 1486 aliquo
797 1432 975 1488 puncto
1014 1425 1148 1488 plani
1186 1426 1433 1475 circularis
1471 1425 1649 1485 medio,
1689 1425 1821 1487 quod
1862 1433 2076 1474 centrum
2116 1424 2307 1472 dicitur.

528 1498 688 1546 Proba
726 1498 835 1547 hoc.
913 1497 1036 1546 Cum
1075 1501 1200 1546 euim
1242 1499 1448 1548 circulus
1487 1500 1711 1548 omnibus
1750 1500 1852 1547 suis
1890 1499 2110 1562 partibus
2149 1512 2234 1560 per
2274 1495 2601 1545 definitionem

344 1574 405 1619 sit
456 1574 504 1618 in
557 1571 809 1634 superficie
863 1570 1143 1634 sphaerica,
1198 1575 1359 1620 omnia
1412 1572 1517 1635 ejus
1566 1577 1747 1636 puncta
1795 1571 2065 1633 aequaliter
2109 1572 2315 1620 aberunt
2366 1584 2395 1617 a
2436 1575 2600 1618 centro

342 1644 594 1708 sphaerae.
661 1642 845 1705 Quodsi
885 1644 1110 1706 planum,
1158 1647 1208 1691 in
1247 1660 1344 1706 quo
1397 1645 1594 1707 quidem
1634 1644 1854 1705 circuluS,
1896 1651 2030 1692 secat
2068 1643 2324 1707 sphaeram
2363 1657 2447 1706 per
2486 1656 2601 1689 cen-

343 1725 482 1775 trum,
524 1722 660 1780 patct
699 1719 1026 1780 propositum:
1067 1717 1194 1765 idem
1234 1721 1362 1766 enim
1402 1726 1476 1766 est
1514 1725 1730 1767 centrum
1770 1725 1818 1766 et
1856 1717 2093 1781 sphaerae
2134 1723 2182 1766 et
2220 1715 2399 1764 circuli.
2471 1715 2535 1762 At
2559 1715 2600 1762 si

341 1790 537 1854 planum
577 1790 670 1837 hoe
707 1790 963 1851 sphaeram
1003 1805 1100 1838 non
1138 1806 1224 1854 per
1263 1796 1477 1839 centrum
1518 1798 1667 1853 secat,
1707 1790 1890 1850 incidat
1928 1793 2075 1852 igitur
2114 1805 2171 1839 ex
2201 1797 2364 1838 centro
2393 1791 2627 1854 perpcq-'

342 1863 571 1911 dicularis
611 1865 657 1910 in
698 1862 923 1925 planum,
965 1871 1197 1927 punctum
1235 1863 1526 1913 incidentiae
1566 1867 1655 1912 erit
1694 1872 1907 1912 centrum
1947 1863 2079 1927 plani
2119 1862 2389 1920 circularis,
2437 1876 2467 1908 a
2506 1873 2631 1924 quo-

341 1937 569 1985 sectionis
624 1949 791 1984 omnes
845 1943 1007 1999 partes
1054 1937 1326 2000 aequaliter
1376 1938 1599 1986 aberunt.
1675 1936 1798 1985 Cum
1846 1938 1973 1985 enim
2021 1938 2117 1984 sint
2163 1934 2396 1998 aequales
2443 1934 2602 1983 lineae

340 2024 507 2058 omnes
547 2024 576 2056 a
616 2015 779 2056 centro
819 2010 1056 2072 sphaerae
1096 2010 1159 2057 ad
1199 2012 1489 2070 sectionem,
1538 2018 1586 2058 et
1636 2009 1766 2058 linea
1818 2007 2229 2074 perpendicularis
2276 2010 2340 2056 sit
2388 2005 2604 2069 undiquc

340 2082 525 2142 eadem,
566 2088 614 2129 et
651 2081 859 2143 angulus
899 2083 1309 2145 perpendicularis
1338 2099 1446 2132 cum
1473 2083 1620 2148 plano
1647 2083 1860 2145 undique
1886 2091 2060 2143 rectus,
2102 2084 2150 2129 in
2185 2080 2428 2144 triangulo
2455 2081 2602 2142 igitur
2651 2130 2652 2133 ,

338 2154 672 2218 unoquolibet,
712 2154 774 2202 ad
813 2170 1153 2218 quamcunque
1191 2165 1377 2220 partem
1415 2158 1645 2206 sectionis
1694 2163 1741 2205 et
1780 2155 1876 2205 duo
1917 2162 2080 2205 centra
2120 2157 2400 2215 constitute,
2451 2153 2652 2202 ιιίὶηιεῗἸ

339 2229 642 2293 aequalibuS,
683 2228 870 2291 reliqua
909 2235 956 2276 et
995 2237 1135 2278 erunt
1173 2230 1414 2292 aequalia.

521 2300 658 2363 Quid.
690 2309 763 2349 est
802 2302 1034 2350 diameter
1074 2303 1281 2352 circuli?
1345 2303 1500 2352 Recta
1538 2318 1623 2367 per
1670 2308 1887 2352 centrum
1933 2300 2098 2352 circuli
2148 2300 2369 2350 traducta
2406 2297 2469 2348 ad
2509 2299 2611 2367 cir,-¹

337 2375 496 2426 culum
538 2376 796 2436 utrimque.

518 2446 647 2509 Quid
687 2455 762 2496 est
800 2449 907 2495 axis
944 2447 1153 2498 circuli?
1216 2449 1371 2499 Recta
1409 2448 1472 2498 ad
1510 2449 1711 2513 planum
1758 2447 1920 2497 circuli
1971 2463 2029 2497 ex
2070 2454 2234 2497 centro
2273 2444 2607 2511 perpendicuq

334 2521 452 2571 laris
493 2528 540 2570 et
578 2522 822 2583 utrimque
862 2535 1017 2583 usque
1058 2522 1118 2570 ad
1159 2523 1463 2586 superficiem
1500 2522 1804 2585 sphaericam
1844 2523 2143 2570 continuata.
2580 2566 2586 2585 -.

517 2593 645 2655 Quid
682 2600 795 2641 sunt
833 2594 932 2656 poli
973 2595 1176 2643 circuli?
1238 2596 1465 2644 Extrema
1503 2598 1610 2644 axis
1647 2602 1829 2658 puncta
1867 2597 1915 2642 in
1955 2594 2208 2657 superficie
2246 2593 2515 2657 sphaerica.
2579 2626 2591 2658 7

522 2667 660 2728 Quae
700 2673 813 2714 sunt
853 2666 1149 2717 differentiae
1187 2669 1474 2717 circulorum
1514 2670 1561 2715 in
1599 2668 1892 2730 sphaerico?
1942 2667 2151 2716 Duobus
2188 2667 2345 2716 modis
2374 2666 2581 2730 differun,

339 2739 503 2789 circuli
542 2742 591 2787 in
630 2739 898 2802 sphaerico,
938 2755 1111 2802 nempe
1151 2741 1230 2789 vel
1270 2743 1542 2802 quantitate
1581 2741 1662 2790 vel
1700 2742 1811 2790 situ.
2631 2741 2652 2810 ἑ

449 2852 452 2856 .
517 2811 771 2874 Quomodo
814 2811 1132 2873 Quantitate?
1198 2813 1407 2874 Quidam
1456 2820 1568 2862 sunt
1606 2815 1828 2874 maximi,
1883 2812 2081 2875 quidam
2121 2815 2328 2862 minores
2365 2811 2591 2876 maximo,
2634 2814 2652 2839 ΑΓ

333 2886 562 2946 Maximi,
605 2901 713 2934 cum
751 2885 950 2948 planum
996 2892 1132 2934 secat
1169 2887 1427 2949 sphaeram
1465 2902 1551 2950 per
1589 2894 1803 2944 centrum
1843 2886 2028 2954 inoduo
2068 2886 2322 2950 aequalia,
2367 2887 2522 2934 minor
2553 2941 2558 2946 Ι
2599 2891 2601 2894 ⁴
2634 2883 2639 2934 ,’

335 2974 442 3008 cum
482 2966 617 3008 extra
654 2965 869 3007 centrum
908 2961 955 3005 in
995 2959 1091 3007 duo
1130 2959 1423 3022 inaequalia.
2574 2945 2631 3025 ,¹⁸

519 3031 777 3094 Quomodo
805 3031 1122 3092 demonstraS,
1162 3035 1398 3080 maximos
1439 3047 1559 3093 esse,
1589 3048 1791 3095 quorum
1819 3033 1969 3095 plana
2005 3048 2091 3096 per
2117 3039 2332 3082 centrum
2358 2987 2612 3094 sphaerad
2639 3029 2643 3053 ·“

332 3111 596 3166 transeunt,
637 3107 847 3154 minores
888 3105 1113 3154 ceteros?
1189 3104 1318 3167 Quia
1355 3106 1584 3168 trianguli
1622 3106 1842 3154 isoscelis
1895 3106 1990 3154 duo
2042 3107 2198 3155 latera
2249 3119 2440 3167 semper
2478 3081 2606 3152 sun*

332 3179 520 3241 majora
573 3180 694 3226 basi.
770 3178 989 3226 Ducatur
1040 3180 1185 3241 igitur
1226 3179 1457 3227 diameter
1495 3194 1580 3241 per
1620 3185 1833 3227 centrum
1874 3182 2073 3228 minoris
2125 3180 2329 3242 ejusque
2378 3106 2612 3250 extrem&

335 3258 682 3300 connectantur
721 3266 830 3299 cum
871 3259 1033 3300 centro
1073 3252 1326 3314 sphaerae.
1401 3251 1540 3300 Haec
1580 3258 1718 3300 erunt
1758 3252 1852 3300 duo
1893 3253 2121 3315 aequalia
2159 3267 2318 3311 crura,
2361 3250 2606 3334 diameter,

331 3339 447 3372 vero
499 3324 582 3371 illa
635 3325 724 3372 erit
764 3325 915 3383 basis,
969 3327 1124 3372 minor
1172 3327 1318 3387 igitur
1369 3325 1490 3374 haec
1538 3324 1769 3373 diameter
1820 3325 2009 3373 duobus
2059 3327 2294 3374 cruribus,
2372 3323 2438 3371 At
2491 3321 2597 3378 duo,⁴

335 3412 474 3445 crura
522 3403 737 3459 aequant
789 3397 1073 3446 diametrum
1127 3398 1292 3446 circuli
1339 3399 1550 3446 maximi.
1626 3397 1788 3445 Minor
1825 3413 1939 3460 ergo
1988 3405 2062 3447 est
2101 3398 2334 3447 diameter
2372 3410 2468 3444 non
2506 3394 2592 3461 ρῳ

335 3476 550 3519 centrum
590 3470 826 3532 sphaerae
865 3473 1157 3518 transeuntis
1184 3471 1317 3532 plani
1345 3470 1605 3530 circularis,
1645 3472 1801 3519 minor
1840 3474 1987 3533 igitur
2025 3477 2072 3520 et
2109 3473 2213 3533 ipse
2244 3470 2466 3530 circulus,
2507 3453 2598 3531 qn}

336 3557 431 3590 non
473 3558 559 3605 per
597 3549 812 3591 centrum
851 3544 1103 3605 sphaerae.
1181 3544 1425 3592 Maximus
1466 3546 1624 3606 igitur,
1667 3546 1751 3606 qui
1789 3560 1872 3606 per
1913 3551 2145 3596 centrum.
2576 3541 2622 3586 Υ

518 3614 774 3676 Quomodo
827 3617 993 3664 circuli
1041 3617 1277 3679 sphaerae
1330 3617 1552 3665 differunt
1603 3617 1736 3665 situ?
1801 3616 2011 3678 Quidam
2048 3620 2172 3665 inter
2209 3631 2260 3665 se
2306 3616 2424 3664 recti
2461 3615 2591 3677 suntf

336 3686 419 3734 alii
461 3688 671 3750 obliqui,
713 3688 795 3735 alii
833 3689 1069 3750 paralleli.
1146 3689 1310 3750 Recti,
1352 3705 1553 3752 quorum
1593 3689 1740 3751 plana
1778 3705 1830 3738 se
1869 3697 2038 3738 mutuo
2077 3697 2244 3739 secant
2282 3688 2343 3736 ad
2383 3680 2621 3749 angulos

333 3765 506 3819 rectos,
549 3761 762 3822 obliqui,
819 3776 1021 3822 quorum
1060 3763 1207 3824 plana
1246 3777 1298 3810 se
1337 3769 1505 3811 secant
1544 3762 1754 3824 obliquis
1794 3764 1986 3825 angulis
2025 3778 2110 3812 seu
2162 3767 2286 3811 intra
2332 3761 2617 3823 sphaeram*

335 3845 423 3878 seu
463 3838 611 3893 extra,
654 3835 936 3882 continuata
974 3850 1128 3897 usque
1168 3835 1230 3882 ad
1269 3849 1581 3898 concursum3
1620 3836 1870 3899 paralleli,
1912 3850 2116 3899 quorum
2153 3836 2302 3900 plana
2338 3829 2613 3897 parallelas

334 3905 404 3953 sic
441 3910 495 3953 ut
533 3907 814 3957 continuata
851 3922 949 3956 non
989 3913 1290 3957 concurrant.
2598 3918 2610 3927 ”
