2652 4088
249 119 320 182 56
945 167 948 170 Δ
1173 113 1206 163 J
1207 116 1364 163 oannis
1392 116 1578 176 Kepleri

633 267 718 310 mg.
741 266 774 303 ¹·
1156 271 1240 317 sub
1271 269 1482 328 ecliptica
1506 270 1764 327 jacentibus
1794 269 1888 327 poli
1921 271 2159 330 eclipticae
2186 274 2233 319 in
2262 273 2500 321 horizonte

1154 342 1273 383 sunt..
1334 336 1383 379 Si
1414 347 1521 394 ergo
1553 338 1751 392 quadrae
1791 344 1972 394 tempus
2011 345 2104 396 est,
2143 353 2246 385 cum
2286 341 2423 386 etiam
2452 341 2500 385 in

1148 468 1251 512 loco
1282 467 1343 523 Ο,
1385 467 1461 523 qui
1493 473 1538 513 et
1567 469 1698 525 polos
1729 470 1968 527 eclipticas
2009 472 2274 517 et-Volvam
2305 474 2352 518 in
2380 473 2500 518 hori·

1151 538 1283 578 zonte
1322 532 1482 588 habet,
1522 532 1685 579 lineam
1718 535 1798 580 EO
1838 538 2042 594 proxime
2075 538 2224 584 Solem
2263 540 2416 586 venire
2455 545 2502 585 et

1154 598 1219 642 sic
1264 596 1415 642 Solem
1458 603 1567 644 tunc
1615 601 1848 647 imminere
1899 604 2056 650 vertici
2102 617 2298 663 esseque
2343 606 2500 652 horam

1152 664 1369 709 meridiei.

1274 730 1373 777 145.
1404 730 1571 776 Terrae
1602 732 1761 788 globus
1802 747 1907 780 vere
1943 734 2046 780 loco
2077 741 2295 791 movetur,
2324 751 2501 796 perme-

1156 809 1236 842 ans
1267 797 1500 842 zodiacum
1532 799 1637 844 anni
1669 800 1831 857 spatio,
1865 806 1912 846 at
1939 801 2147 847 lunicolis
2168 803 2303 860 plane
2323 804 2502 850 videtur

1155 864 1256 908 loco
1288 863 1544 920 quiescere,
1576 864 1681 920 quia
1709 865 1834 911 nulla
1862 866 2032 912 babent
2062 868 2334 915 adminicula
2363 883 2501 916 sensu

1159 930 1346 975 notandi
1375 929 1497 974 hunc
1525 937 1721 987 motum3
1761 939 1926 988 putant
1964 933 2125 991 igitur,
2168 937 2318 992 potius
2350 935 2503 981 Solem

1157 996 1205 1040 in
1237 995 1613 1041 duodecimsemis
1653 998 1987 1054 nychthemeris
2029 1001 2123 1046 suis
2162 1001 2291 1046 illum
2331 1008 2504 1048 motum

1157 1063 1376 1120 perficere
1405 1061 1452 1107 in
1484 1062 1664 1119 plagam
1696 1065 1963 1122 oppositam,
1995 1066 2115 1121 quod
2147 1066 2266 1112 idem
2296 1074 2342 1114 et
2371 1069 2502 1115 nobis

1157 1128 1380 1174 terricolis
1411 1143 1498 1175 usu
1527 1130 1650 1173 venit
1680 1130 1799 1175 circa
1830 1128 2021 1175 eundem
2052 1130 2219 1176 Solem.

1274 1194 1375 1240 146.
1407 1194 1576 1240 Terrae
1607 1194 1769 1251 globus
1792 1195 1925 1240 etiam
1946 1196 2141 1241 volvitur
2161 1197 2323 1244 diurno
2355 1199 2502 1257 spatio

954 1253 1089 1330 lxxma
1158 1259 1299 1305 semel
1330 1260 1449 1305 circa
1479 1273 1610 1304 suum
1641 1273 1784 1305 axem.
1825 1261 1912 1307 Hie
1931 1261 2126 1307 Telluris
2156 1270 2306 1310 motus
2338 1272 2406 1311 est
2429 1277 2504 1310 ex·

956 1316 1034 1354 *¹4³³*
1157 1327 1334 1384 positus
1367 1325 1510 1371 oculis
1540 1325 1860 1384 lunicolarum,
1893 1341 1978 1374 nec
2007 1335 2079 1374 est
2110 1330 2202 1374 ulla
2231 1330 2342 1388 ipsis
2373 1330 2505 1378 obvia

1161 1405 1298 1436 causa
1329 1392 1602 1449 suspicandi,
1631 1393 1761 1450 quasi
1792 1408 1882 1440 non
1911 1394 2010 1451 ipse
2040 1395 2212 1440 Volvae
2243 1396 2364 1442 orbis
2386 1396 2506 1442 circa

1160 1473 1291 1505 suum
1312 1471 1441 1503 axem
1462 1462 1683 1515 tornetur,
1715 1458 1793 1503 sed
1816 1460 1968 1515 potius
1999 1466 2123 1506 totus
2149 1461 2343 1507 mundus
2367 1463 2504 1521 (quod

1158 1531 1284 1571 tenet
1314 1525 1514 1581 vulgaris
1545 1537 1686 1581 penes
1716 1537 1799 1569 nos
1831 1525 1999 1582 opinio)
2038 1533 2084 1571 et
2125 1541 2225 1572 cum
2269 1540 2322 1571 eo
2354 1529 2503 1585 ipsum

1161 1605 1342 1651 quoque
1373 1590 1645 1636 domicilium
1687 1590 1798 1635 illud
1838 1605 1968 1636 suum
2000 1592 2134 1638 Luna
2165 1594 2285 1640 circa
2321 1594 2507 1639 Volvam

1160 1665 1248 1717 eat,
1280 1671 1434 1704 omnes
1456 1657 1556 1714 ejus
1579 1655 1701 1700 orbis
1722 1663 1878 1713 partes
1901 1659 2156 1704 successive
2178 1659 2503 1718 contemplans,

1160 1725 1363 1781 quamvis
1378 1724 1464 1768 boc
1485 1722 1637 1780 potius
1652 1734 1701 1766 re
1722 1722 1821 1779 ipsa
1842 1737 1996 1768 verum
2018 1724 2093 1770 sit.
2117 1726 2237 1782 Cape
2254 1725 2510 1784 exemplum

1158 1792 1206 1837 in
1235 1789 1519 1849 apparitione
1550 1788 1668 1834 Solis
1698 1789 1997 1847 macularum3
2030 1803 2106 1835 eas
2127 1792 2329 1838 videmus
2360 1792 2508 1849 spatio

1157 1857 1330 1904 dierum
1362 1857 1419 1901 26
1451 1854 1631 1900 circiter
1662 1855 1783 1900 circa
1814 1869 1979 1913 corpus
2013 1857 2129 1902 Solis
2159 1856 2241 1903 ire.
2292 1857 2404 1914 Quis
2425 1872 2506 1904 un-

734 1315 825 1520 Ι

646 1548 724 1837 Α
870 1758 875 1767 ,

646 1839 671 1858 ΠΗ
674 1839 720 1856 lllllll
721 1839 756 1857 Illlll
780 1839 797 1850 “¹

609 1854 797 1933 ‘lllllfflw

1159 1991 1261 2035 dem
1290 1986 1493 2032 maculas
1525 1986 1781 2044 quiescere,
1821 1992 2022 2032 nostram
2053 2000 2160 2033 vero
2191 1987 2314 2033 illam
2346 1990 2510 2044 navim,

251 2068 367 2114 quae
399 2056 541 2100 Terra
572 2055 758 2114 dicitur,
803 2071 885 2103 nos
916 2063 1009 2104 tam
1040 2059 1166 2104 brevi
1197 2057 1415 2115 temporis
1446 2054 1595 2113 spatio
1627 2054 1748 2100 circa
1779 2053 1928 2099 Solem
1959 2054 2147 2112 vehere,
2180 2053 2381 2100 diversas
2413 2055 2512 2112 ejus

250 2122 504 2178 superficiei
544 2129 696 2179 partes
743 2130 789 2170 et
826 2125 1026 2171 maculas
1069 2125 1326 2171 successive
1366 2121 1703 2179 nobismetipsis
1741 2119 2033 2177 aperientes?
2078 2119 2373 2177 Copernicani
2410 2121 2512 2179 ipsi,

251 2189 328 2245 qui
361 2201 409 2233 se
441 2201 590 2234 annuo
623 2196 828 2247 tempore
859 2193 980 2238 circa
1014 2193 1165 2238 Solem
1196 2191 1299 2236 vehi
1330 2202 1599 2247 persuasum
1631 2186 1824 2243 habent,
1868 2197 1920 2230 eo
1950 2185 2050 2243 ipso
2083 2185 2195 2230 certi
2226 2191 2344 2244 sunt,
2376 2199 2425 2232 se
2457 2188 2514 2235 26

250 2253 411 2298 diebus
441 2254 529 2299 hoc
559 2255 648 2299 iter
677 2269 767 2300 non
799 2257 1063 2317 absolvere,
1104 2263 1211 2303 sunt
1242 2256 1361 2301 enim
1388 2255 1476 2299 ista
1509 2251 1877 2298 contradictoria.
1942 2250 2250 2296 certissimum
2279 2251 2416 2308 igitur
2444 2265 2514 2299 ar-

251 2324 514 2378 gumentum
546 2320 677 2365 nobis
711 2322 836 2368 visus
866 2325 1060 2381 praebet
1091 2323 1398 2370 conversionis
1430 2319 1564 2367 Solis.
1605 2320 1667 2364 Et
1697 2317 1908 2364 lunicolis
1938 2318 2076 2374 igitur
2104 2318 2228 2364 visus
2259 2324 2514 2377 attestatur,

250 2385 440 2430 Volvam
479 2398 607 2429 suam
649 2386 768 2432 circa
805 2401 935 2433 suum
978 2403 1110 2435 axem
1150 2388 1365 2434 converti.
1424 2385 1693 2441 Decipiatur
1733 2383 1806 2427 hic
1846 2383 2026 2428 illorum
2056 2382 2203 2440 visus,
2243 2396 2301 2429 an
2331 2385 2513 2431 omnino

251 2456 421 2497 certum
454 2450 670 2508 affirmet,
703 2453 890 2510 perinde
922 2460 992 2500 est
1023 2462 1173 2501 utrum
1208 2454 1371 2510 eligas,
1401 2451 1708 2497 testimonium
1739 2456 1862 2495 certe
1883 2449 2108 2507 perbibet,
2140 2463 2381 2508 persuasos
2412 2466 2516 2500 esse

254 2522 466 2575 oportere
496 2517 692 2574 lunares,
725 2519 763 2563 si
796 2520 873 2575 qui
904 2526 1026 2577 sunt,
1059 2520 1116 2564 de
1147 2520 1381 2576 gyratione
1411 2517 1596 2570 Volvae,
1625 2515 1749 2573 quod
1781 2519 1878 2559 erat
1907 2514 2318 2560 demonstrandum.
2366 2516 2515 2573 Quan-

257 2587 353 2626 tum
385 2594 491 2626 vero
524 2581 687 2627 attinet
716 2583 1007 2628 occultiorem
1050 2583 1176 2627 illum
1208 2596 1395 2640 scopum
1425 2581 1563 2637 hujus
1594 2581 1796 2631 fabulae,
1837 2579 2040 2626 nascitur
2069 2581 2199 2626 nobis
2230 2595 2419 2627 amoena
2446 2596 2516 2629 re·

258 2647 415 2692 torsio.
479 2646 684 2692 Clamant
714 2661 892 2705 omnes,
936 2649 1076 2693 oculis
1118 2648 1351 2705 expositos
1391 2659 1491 2691 esse
1522 2652 1672 2691 motus
1704 2645 1903 2690 siderum
1942 2645 2063 2691 circa
2092 2645 2301 2705 Terram,
2348 2648 2515 2693 Terrae

257 2713 479 2771 quietem3
511 2726 669 2770 regero
702 2726 799 2771 ego,
832 2713 977 2759 oculis
1009 2713 1234 2758 lunarium
1265 2713 1518 2770 expositam
1550 2724 1649 2756 esse
1679 2711 1959 2767 gyrationem
1988 2717 2173 2758 nostrae
2194 2714 2375 2772 Terrae,
2407 2728 2516 2760 suae

253 2779 447 2834 Volvae,
493 2781 690 2835 quietem
721 2793 826 2825 vero
859 2791 968 2824 suae
998 2778 1171 2825 Lunae.
1235 2778 1282 2823 Si
1315 2778 1532 2835 dixerint,
1573 2776 1719 2833 decipi
1761 2775 1984 2822 lunarium
2014 2789 2214 2821 meorum
2244 2779 2516 2835 populorum

254 2858 416 2891 sensus
462 2845 707 2903 lunaticos,
758 2847 859 2903 pari
902 2858 985 2902 ego
1023 2845 1129 2901 jure
1173 2857 1353 2903 regero,
1403 2844 1549 2901 decipi
1593 2843 1904 2888 terricolarum
1958 2856 2118 2890 sensus
2166 2850 2405 2892 terrestres
2446 2861 2516 2893 ra·

254 2911 379 2956 tione
410 2922 582 2956 cassos.

433 2975 529 3021 147.
562 2977 635 3022 Ex
656 2976 814 3023 Lunae
834 2978 1024 3024 maculis
1045 2977 1368 3023 ratiocinamur
1398 2975 1454 3020 de
1475 2975 1620 3020 forma
1640 2973 1896 3031 superficiei
1924 2972 2110 3030 lunaris,
2144 2974 2284 3020 mixta
2306 2989 2362 3022 ex
2386 2979 2516 3035 aquis

257 3049 304 3090 et
333 3042 475 3090 arida.
516 3042 614 3088 Nec
643 3056 758 3088 vana
790 3050 860 3089 est
891 3045 1188 3091 ratiocinatio.
1230 3045 1604 3090 Demonstramus
1636 3041 1753 3085 enim
1785 3040 1947 3097 opticIs
1978 3040 2210 3098 principiis
2241 3044 2515 3103 certissimis,

257 3126 359 3157 cum
389 3112 468 3156 illa
496 3112 776 3156 macularum
807 3118 854 3156 et
883 3112 999 3157 lucis
1029 3113 1249 3158 varietate
1288 3110 1574 3166 conjunctam
1615 3120 1716 3152 esse
1747 3107 2035 3163 asperitatem
2076 3112 2121 3151 et
2151 3110 2517 3165 aequabilitatem

257 3177 527 3235 superficiei,
560 3178 625 3223 sic
655 3182 707 3222 ut
737 3190 852 3234 quae
882 3177 1056 3234 lucida,
1088 3190 1142 3222 ea
1172 3182 1218 3221 et
1249 3175 1342 3220 alta
1372 3174 1462 3219 sint
1492 3179 1538 3218 et
1568 3172 1806 3229 collicosa‚
1837 3183 1954 3227 quae
1985 3172 2196 3229 obscura,
2229 3180 2274 3219 et
2304 3176 2440 3233 plana
2470 3183 2517 3222 et

258 3243 461 3290 humilia,
503 3243 603 3288 Hoc
632 3255 738 3287 vero
770 3242 1010 3287 comitatur
1042 3241 1280 3287 discrimen
1309 3246 1533 3285 terrarum
1566 3244 1611 3282 et
1642 3250 1875 3294 aquarum.
1914 3237 2040 3282 Haec
2070 3238 2135 3283 sic
2165 3254 2248 3286 nos
2278 3241 2518 3288 terricolae

262 3309 318 3353 de
348 3308 590 3366 superficie
621 3308 742 3366 globi
774 3307 961 3352 lunaris.
1873 3368 1884 3377 ·

433 3374 640 3419 Vicissim
678 3373 815 3432 igitur
858 3380 904 3418 et
943 3373 1151 3419 lunicolis
1187 3373 1299 3418 meis
1340 3384 1397 3416 ex
1436 3368 1769 3428 permutatione
1798 3369 2153 3416 rat1ocinationis
2193 3372 2396 3428 ejusdem
2426 3374 2516 3419 hoc

260 3437 432 3495 tribuo,
477 3440 600 3496 quod
641 3445 747 3496 quia
778 3440 945 3485 Terrae
988 3438 1249 3496 superficies
1291 3441 1336 3482 et
1374 3442 1550 3490 montes
1580 3436 1719 3481 habet
1751 3440 1796 3479 et
1827 3448 2046 3493 aequora,
2091 3436 2276 3493 objiciat
2305 3438 2513 3485 lunicolis

266 3504 464 3560 speciem
494 3504 628 3549 etiam
660 3506 938 3551 macularum
968 3506 1014 3550 in
1044 3506 1214 3551 lucido,
1273 3506 1399 3562 (Vide
1432 3504 1547 3559 154.)

439 3570 536 3614 148.
567 3570 734 3614 Terrae
766 3571 943 3626 quidem
975 3571 1238 3628 superficies
1268 3576 1480 3627 respectu
1511 3567 1653 3614 centri
1684 3573 1868 3625 gyratur
1899 3568 2066 3613 circum
2097 3582 2230 3615 axem
2260 3571 2318 3616 ab
2349 3583 2514 3616 occasu

262 3634 310 3678 in
340 3640 512 3690 ortum,
544 3640 593 3679 at
619 3643 835 3693 respectu
863 3636 1162 3681 lunicolarum
1186 3641 1491 3694 spectatorum
1522 3647 1628 3691 pars
1658 3633 1779 3678 orbis
1800 3633 1959 3678 Lunae
1988 3635 2178 3680 obversa
2209 3636 2266 3680 ab
2297 3641 2399 3680 ortu
2421 3642 2515 3682 ten-

266 3700 372 3745 dere
402 3699 581 3743 videtur
608 3701 655 3745 in
686 3715 919 3747 occasum:
952 3715 1009 3747 ex
1039 3702 1117 3747 illo
1149 3703 1375 3748 axiomate
1396 3700 1764 3745 Mechanicorum
1784 3699 2058 3756 Aristotelis,
2089 3700 2211 3757 quod
2241 3700 2394 3746 circuli
2417 3703 2515 3758 (seu

265 3764 402 3825 globi)
433 3770 587 3821 partes
618 3768 857 3824 oppositae
889 3767 1159 3812 contrariam
1192 3769 1311 3813 viam
1341 3768 1406 3811 ire
1426 3765 1664 3811 videantur
1692 3771 1822 3810 extra
1843 3766 2000 3812 circuli
2029 3767 2246 3812 ambitum
2266 3767 2514 3824 inspectae.

438 3830 539 3879 149.
572 3829 620 3878 Si
655 3834 910 3894 praesentia
939 3833 1058 3882 Solis
1090 3834 1185 3883 dies
1228 3841 1298 3881 est
1339 3833 1549 3892 dicenda,
1590 3833 1795 3882 absentia
1832 3849 1948 3884 nox:
1991 3835 2198 3892 equidem
2238 3848 2360 3885 mora
2393 3834 2513 3882 Solis

1149 403 1287 460 hujus
1317 407 1544 447 momento
1566 403 1626 447 sit
1646 404 1837 461 angulus
1860 403 1981 448 EOB
2009 410 2175 463 rectus,
2207 412 2388 464 oportet
2419 407 2501 452 tali
2575 415 2593 422 “

1159 1936 1295 1981 quam
1325 1922 1371 1966 in
1401 1921 1521 1966 hanc
1551 1919 1703 1965 venire
1731 1925 1891 1977 posset
1919 1923 2213 1975 sententiam,
2258 1922 2379 1968 Solis
2410 1924 2519 1980 qui·
