2652 4088
6 0 78 87 {52

16 111 33 197 -ῗ

0 329 35 526 ἓ,

19 571 43 624 'J
107 556 301 605 ablatae
340 557 402 604 ab
441 571 553 605 arcu
594 557 867 606 anomaliae
905 556 1139 619 simplicis
1179 558 1388 606 medium
1422 573 1585 606 arcum
1624 559 1893 620 relinquere
1934 561 2080 606 etiam
2119 560 2224 621 hic;
2264 563 2362 608 nisi

6 679 9 689 ¹
107 628 295 678 tantula
332 631 395 678 sit
432 631 729 690 imminutio,
781 638 835 678 ut
871 629 950 678 hic
990 632 1190 677 visionis
1229 633 1360 680 arcui
1399 633 1774 694 appropinquet.
1850 632 2034 680 Versus
2072 635 2359 695 perigaeum

1014 111 1098 163 111.
1130 113 1456 161 Astronomica.
2256 116 2362 173 231

111 261 366 316 altitudine
420 265 653 314 remotius
701 265 935 312 minorem
986 263 1103 312 facit
1150 264 1396 327 angulum.
1489 263 1604 314 Jam
1661 266 1776 328 quia
1819 268 2076 329 aequantia
2130 274 2362 330 punctum

109 337 254 387 modo
293 336 487 399 fingitur
525 337 816 386 descendere
854 338 903 384 in
942 337 1207 399 apsidibuS‚
1249 341 1331 397 qui
1373 353 1486 400 ergo
1527 354 1667 388 arcus
1708 339 1895 387 medius
1930 340 2020 388 fuit
2057 343 2104 387 in
2144 340 2361 403 longitu-

110 411 220 459 dine
247 410 407 458 media
435 425 601 459 versus
628 425 915 474 apogaeum,
957 425 1063 458 cum
1092 426 1177 473 pcr
1203 412 1564 461 inclinationem
1603 427 1714 474 pars
1741 415 2048 474 aequationis
2086 422 2357 476 augeretur,

106 498 191 548 per
217 485 598 532 imminutionem
625 485 895 532 altitudinis
922 486 1178 545 aequantis
1205 487 1376 532 iterum
1415 488 1658 544 minuitur,
1699 486 1864 546 itaque
1903 486 1982 534 hic
2009 486 2161 534 videri
2201 494 2362 551 potest

104 703 228 751 haee
264 704 568 764 aequationis
608 718 719 765 pars
757 705 949 765 gemino
988 706 1182 752 nomine
1221 707 1465 764 minuitur,
1507 711 1556 753 et
1593 705 1906 753 inclinatione
1947 712 1994 754 et
2021 706 2356 756 imminutione

106 776 267 835 basis,
308 774 510 824 multum
549 778 695 838 igitur
733 778 1093 839 appropinquat
1130 779 1360 841 temporis
1400 779 1548 826 arcui.
1625 778 1697 824 Ex
1735 778 1811 825 his
1857 778 2046 827 videtur
2084 794 2223 827 arcus
2264 795 2359 827 non

104 863 298 897 manere
337 848 544 897 medium
583 849 968 910 arithmeticum,
1007 849 1093 898 sed
1130 853 1176 897 in
1214 852 1319 913 ipso
1353 864 1574 914 apogaeo
1614 865 1719 898 esse
1758 851 1968 898 medium
2007 852 2360 901 arithmeticum

36 920 43 929 ’
103 921 182 971 vel
221 922 383 983 quasi,
421 923 468 968 in
495 923 723 984 perigaeo
749 925 958 972 maxime
997 926 1387 986 appropinquare
1426 925 1656 985 temporis
1685 926 1831 971 arcui.
1886 924 1994 972 Hoc
2034 925 2189 973 dicere
2229 927 2357 987 vole,

103 995 505 1044 eccentricitatem
531 996 713 1057 ubique
740 1003 1040 1044 constantem
1080 1011 1201 1058 esse,
1242 997 1387 1059 hujus
1425 1003 1649 1060 respectu
1688 997 1844 1059 major
1880 997 1932 1044 fit
1970 998 2018 1043 in
2056 997 2358 1060 longitudine

102 1067 264 1117 media
301 1067 506 1116 altitudo
544 1070 712 1130 puncti
750 1071 1022 1131 aequantia.

276 1139 442 1188 Motus
491 1142 658 1203 itaque
708 1142 896 1190 medius
944 1156 1030 1189 seu
1081 1157 1221 1190 arcus
1271 1144 1502 1206 temporis
1543 1146 1591 1190 et
1627 1156 1881 1190 numerum
1930 1142 2161 1203 majorem
2212 1143 2359 1193 habet

105 1213 458 1273 distantiarum,
498 1228 643 1276 quam
682 1221 796 1262 sunt
833 1217 882 1261 in
923 1217 1126 1264 visionis
1165 1230 1294 1276 arcu,
1335 1222 1382 1264 et
1416 1215 1527 1263 illas
1565 1210 1629 1283 (si
1659 1216 1785 1263 circa
1811 1229 2084 1277 apogaeum
2118 1211 2213 1284 est)
2253 1232 2359 1265 om-

100 1300 187 1336 nes
225 1286 492 1350 longiores,
532 1302 647 1347 seu,
687 1287 818 1350 quod
858 1287 984 1336 idem
1024 1294 1112 1349 est,
1153 1303 1293 1337 arcus
1331 1288 1412 1338 ille
1453 1294 1526 1336 tot
1564 1288 1712 1336 babet
1753 1287 2035 1347 distantiae,
2089 1297 2206 1351 quot
2247 1297 2359 1339 sunt

101 1376 153 1410 re
192 1375 308 1409 vera
346 1362 394 1410 in
433 1362 714 1420 eccentrico,
756 1362 841 1410 sed
878 1361 1139 1423 longioreS,
1180 1376 1326 1423 quam
1367 1377 1425 1410 ex
1466 1367 1628 1410 centro
1671 1363 1938 1410 eccentrici.
2004 1360 2211 1422 Quando
2239 1378 2355 1412 vero

14 1424 18 1442 ’
99 1434 306 1483 visionis
342 1433 549 1495 angulus
587 1434 806 1496 pluribus
845 1449 990 1496 quam
1030 1437 1133 1497 ipse
1172 1441 1393 1484 numerat
1422 1441 1468 1483 et
1494 1434 1695 1482 totidem
1725 1434 1966 1482 distantiis
1994 1443 2197 1496 secatur,
2239 1442 2358 1498 quot

16 1515 19 1562 ἶ
97 1514 212 1557 sunt
248 1509 296 1554 in
335 1521 449 1555 arcu
489 1509 759 1572 eccentrici,
798 1507 919 1556 fiunt
956 1509 1127 1570 utique
1166 1510 1375 1557 minores
1414 1508 1699 1570 particulae.
1777 1509 1839 1555 Et
1878 1514 1992 1556 tunc
2033 1511 2178 1556 etiarn
2218 1525 2357 1558 arcus

16 1582 19 1612 ³
99 1582 328 1644 temporis
366 1579 605 1628 secandus
657 1587 730 1629 est
769 1580 972 1630 totidem
1013 1581 1256 1629 distantiis
1295 1582 1591 1642 habebitque
1643 1581 1851 1643 majores
1904 1582 2169 1643 particulas
2210 1598 2354 1645 quarn

18 1644 21 1704 Ῐ
101 1667 223 1718 quas
264 1655 366 1716 ipse
403 1658 640 1702 numerat.
717 1652 832 1702 Jam
872 1661 924 1701 ut
963 1660 1036 1702 est
1073 1654 1304 1703 distantia
1343 1670 1401 1704 ex
1441 1662 1604 1703 centro
1647 1656 1901 1703 eccentrici
1928 1654 1988 1702 ad
2024 1670 2186 1703 arcum
2214 1671 2354 1704 suum

18 1718 21 1736 ’
99 1729 203 1790 (qui
242 1729 465 1775 metiatur
498 1727 601 1789 jam
630 1727 836 1789 aequale
874 1724 1099 1792 tempus),
1139 1730 1209 1776 ita
1247 1733 1320 1777 est
1360 1728 1592 1776 distantia
1632 1743 1690 1776 ex
1730 1734 1891 1776 centro
1933 1730 2134 1776 visionis
2173 1729 2233 1776 ad
2274 1745 2355 1777 ar-

20 1842 22 1846 .
97 1815 204 1850 cum
242 1802 472 1862 temporis
510 1800 830 1862 inaequaliter
868 1803 1140 1863 metientiS,
1190 1807 1239 1850 et
1276 1803 1345 1850 ita
1384 1803 1530 1850 etiam
1582 1815 1809 1849 numerus
1860 1802 2038 1862 aliquis
2092 1802 2350 1851 distantiae

21 1878 23 1883 '
97 1875 160 1924 ad
199 1880 489 1936 aequantem
528 1880 616 1924 etc.
691 1873 983 1935 Ignorantur
1022 1874 1118 1922 duo
1155 1876 1376 1923 termini:
1426 1874 1680 1937 longitudo
1722 1880 1769 1923 et
1807 1874 2067 1923 multitudo
2107 1875 2350 1924 radiorum

96 1949 370 2010 longiorum
407 1953 456 1995 et
506 1949 753 2009 quantitas
804 1961 1002 1995 arcuum
1054 1947 1307 2010 majorum.
1394 1947 1641 1996 Ponamus
1691 1949 1739 1995 iu
1787 1947 1935 1996 radiis
1989 1948 2190 1996 eandem
2243 1964 2348 1998 esse

22 2026 25 2063 ἱ
78 2022 474 2080 dimensionem,
543 2035 667 2082 quae
718 2026 792 2068 est
846 2022 891 2066 in
942 2023 1157 2084 ipsorum
1209 2022 1419 2070 arcubus
1468 2029 1516 2070 et
1570 2021 1774 2083 quilibet
1830 2020 1993 2069 radius
2057 2024 2120 2070 sit
2171 2025 2347 2072 unitas,

24 2097 26 2172 L
97 2095 225 2158 Ergo
277 2108 417 2143 arcus
467 2095 698 2155 temporis
752 2095 976 2142 metietur
1033 2095 1150 2142 mihi
1201 2095 1444 2143 radiorum
1513 2096 1726 2143 omnium
1782 2109 2043 2155 summam,
2104 2110 2198 2143 non
2254 2111 2347 2144 nu-

24 2173 26 2215 ?
94 2182 307 2228 merum,
359 2174 472 2214 sunt
510 2169 636 2215 enim
677 2172 725 2215 et
763 2166 1007 2228 longiores
1047 2174 1095 2216 et
1133 2168 1311 2230 plureS.
1389 2169 1461 2216 Ex
1501 2183 1614 2216 arcu
1664 2169 1868 2216 visionis
1921 2175 2081 2216 autem
2123 2169 2352 2218 discenda

98 2249 171 2291 est
209 2240 479 2302 longitudo,
557 2239 694 2288 Sicut
731 2240 895 2288 radius
934 2240 1190 2289 mediocris
1228 2241 1291 2289 ad
1330 2241 1627 2303 longiorem,
1669 2243 1740 2289 sic
1778 2248 1967 2304 tempus
2008 2243 2248 2290 mediocre
2288 2243 2350 2291 ad

94 2314 316 2378 longius,
356 2314 436 2362 vel
477 2328 616 2362 arcus
655 2312 718 2360 ad
756 2329 936 2363 arcum.
1014 2314 1151 2363 Sicut
1197 2330 1311 2377 crgo
1361 2315 1594 2362 distantia
1643 2314 1803 2362 media
1854 2315 1914 2364 ad
1957 2315 2232 2363 distantiam
2273 2319 2350 2364 in-

27 2391 29 2442 }
96 2389 188 2446 fra,
239 2390 309 2435 sic
348 2402 488 2436 arcus
540 2385 728 2436 medius
767 2386 830 2435 ad
868 2401 1032 2436 arcum
1071 2403 1230 2450 supra.
1306 2389 1368 2436 Et
1405 2391 1529 2436 sicut
1569 2404 1758 2437 summa
1797 2389 1964 2450 aliqua
2012 2388 2350 2438 distantiarum

27 2493 30 2520 2
94 2460 361 2511 mediarum
399 2459 462 2508 ad
501 2475 738 2509 summam
779 2460 1117 2509 distantiarum
1145 2462 1279 2518 infra,
1322 2463 1391 2510 ita
1429 2477 1616 2510 summa
1644 2461 1809 2523 aliqua
1847 2477 2043 2510 arcuum
2084 2462 2352 2511 mediorum

95 2535 157 2585 ad
196 2549 432 2583 summam
470 2533 686 2595 aliquam
738 2549 936 2582 arcuum
990 2549 1151 2597 supra.
1227 2534 1341 2584 Jam
1392 2537 1524 2597 prius
1581 2550 1695 2583 vero
1749 2534 1949 2583 eandem
2001 2535 2350 2586 dimensionem

94 2609 184 2658 feci
224 2607 371 2656 radiis
409 2613 458 2655 et
502 2607 725 2657 arcubus,
803 2607 940 2656 Sicut
991 2622 1104 2670 ergo
1154 2622 1293 2656 arcus
1343 2609 1591 2657 eccentrici
1641 2608 1703 2656 ad
1757 2623 1917 2659 arcum
1968 2611 2225 2672 temporiS,
2279 2611 2350 2659 sic

30 2679 33 2724 ‘i
97 2696 239 2731 arcus
277 2680 465 2728 medius
505 2680 567 2727 ad
607 2694 771 2728 arcum
811 2683 1056 2743 temporis,
1098 2682 1219 2730 haec
1257 2685 1543 2747 ταυτολογια
1583 2683 1812 2743 sequitur.
1892 2682 1968 2730 An
2010 2697 2123 2744 ergo
2165 2689 2347 2744 quanto

94 2754 285 2817 longior
312 2754 559 2812 distantia,
586 2760 723 2802 tanto
750 2755 905 2802 minor
934 2769 1072 2802 arcus
1098 2755 1344 2803 visionis?
1384 2754 1526 2804 Sane.
1569 2755 1663 2804 Sed
1693 2770 1751 2802 an
1780 2755 2163 2818 proportionalia
2189 2756 2347 2806 haec?

34 2887 35 2891 Ἰ
94 2827 201 2879 Non
241 2829 427 2890 opinor.
501 2826 640 2874 Alias
681 2827 875 2888 quidem
915 2829 1086 2877 iterum
1138 2828 1235 2876 fere
1275 2830 1576 2877 vicissemus,
1652 2828 1776 2876 Nam
1817 2844 2052 2877 summam
2092 2829 2344 2892 longorum

94 2900 352 2960 radiorum,
391 2899 439 2948 h.
467 2913 508 2948 e.
546 2913 707 2947 arcum
744 2903 971 2963 temporis
1011 2901 1441 2964 multiplicaremus
1482 2904 1526 2949 in
1568 2916 1803 2950 summam
1842 2917 2102 2966 parvorum
2130 2917 2344 2964 arcuum,

92 2973 141 3023 h.
181 2989 223 3026 e.
262 2976 311 3021 in
350 2987 512 3021 arcum
554 2974 772 3033 visionis,
812 2974 956 3035 hujus
996 2989 1213 3024 summae
1240 2990 1580 3038 quaereremus
1608 2975 1832 3024 radicem.
1899 2976 1974 3024 Ita
1999 2990 2140 3023 arcus
2172 2990 2345 3024 eccen-

91 3049 198 3096 ttici
237 3055 364 3096 esset
401 3045 613 3095 medium
652 3048 1014 3109 proportionale
1065 3050 1188 3096 inter
1225 3048 1437 3110 reliquos
1477 3063 1630 3096 arcus.
1710 3049 1838 3097 Sane
1878 3049 1971 3096 hoc
2009 3048 2344 3096 verisimilitu-

94 3119 252 3168 dinem
286 3121 428 3178 l'acit,
482 3118 612 3181 quod
651 3135 798 3182 supra
837 3121 960 3169 inter
998 3121 1139 3169 binos
1179 3127 1226 3169 et
1266 3122 1406 3169 binos
1455 3122 1677 3183 planetas
1718 3121 1926 3170 medium
1979 3121 2341 3183 proportionale

92 3193 276 3253 valuit,
316 3194 353 3241 si
394 3192 486 3240 hac
522 3192 855 3255 speculatione
894 3195 1221 3255 potuissemus
1262 3196 1346 3241 uti.
1424 3194 1556 3241 Data
1595 3209 1708 3255 ergo
1748 3196 2056 3256 proportione
2098 3196 2339 3255 temporis,

92 3281 219 3328 quae
258 3272 332 3314 est
368 3267 490 3313 inter
529 3265 733 3325 gradum
773 3280 919 3312 unum
960 3281 1231 3328 apogaeum
1273 3274 1321 3314 et
1358 3267 1584 3325 medium,
1629 3268 1768 3314 datur
1794 3268 2040 3330 proportio
2079 3266 2337 3327 radiorum,

91 3347 139 3388 et
178 3339 294 3387 data
330 3339 640 3400 proportione
680 3340 935 3400 temporis,
991 3338 1119 3400 quod
1161 3344 1233 3386 est
1270 3341 1393 3387 inter
1442 3339 1627 3401 aliquot
1675 3354 1812 3387 arcus
1862 3353 2107 3401 apogaeos
2147 3348 2194 3387 et
2234 3355 2338 3389 me-

91 3410 215 3470 dios,
252 3409 397 3458 datur
432 3411 679 3473 proportio
718 3424 936 3459 summae
975 3411 1215 3459 radiorum
1242 3410 1555 3460 mediocrium
1582 3418 1628 3460 et
1654 3426 1996 3474 apogaeorum.
2061 3412 2198 3460 Haec
2226 3415 2339 3474 qui-

91 3483 199 3534 dem
236 3496 385 3546 supra
421 3484 735 3547 ταυτολογιαν
771 3483 912 3530 nobis
952 3490 1254 3545 pepererunt.
1331 3483 1454 3532 Nam
1495 3499 1588 3531 non
1631 3485 1698 3532 ita
1736 3486 1883 3533 scitur
1922 3491 2110 3547 tempus
2150 3486 2338 3535 medio·-

88 3571 193 3606 rum
232 3569 446 3614 arcuum,
486 3561 541 3602 ut
578 3556 700 3603 inter
737 3555 974 3617 planetas.
1038 3555 1103 3603 At
1142 3558 1291 3603 scitur
1328 3571 1443 3605 sane
1483 3561 1672 3619 tempus
1711 3572 1906 3605 arcuum
1948 3573 2220 3621 apogaeum
2261 3561 2339 3607 in-

91 3629 411 3686 cludentium,
465 3634 513 3675 et
561 3634 751 3690 tempus
798 3630 1075 3690 pei-igaeum
1124 3628 1495 3688 includentium,
1547 3628 1631 3678 sed
1675 3628 1742 3676 illi
1783 3645 1877 3677 non
1927 3638 2038 3679 sunt
2088 3632 2337 3694 aequales,

0 3720 1 3727 ¹
73 3701 329 3752 'Probetur
368 3702 415 3747 in
456 3702 692 3759 numeris,
747 3715 807 3748 an
848 3700 973 3750 idem
1014 3703 1091 3749 sit.
1166 3701 1433 3761 Numerus,
1475 3704 1555 3764 qui
1597 3708 1670 3751 est
1708 3703 1916 3751 medium
1957 3706 2334 3768 proportionale,

91 3778 156 3825 nit
198 3780 317 3824 100.
383 3773 656 3823 Distantiae
695 3788 947 3837 apogaeae
985 3774 1193 3838 majores
1233 3777 1328 3823 sint
1360 3779 1477 3837 101,
1511 3780 1627 3837 102,
1660 3780 1790 3840 1033
1830 3779 2086 3843 perigaeae
2125 3779 2334 3834 minores

0 3816 1 3824 ἵ
48 3863 51 3885 ι
93 3853 176 3912 99,
219 3853 303 3909 98,
346 3852 430 3910 97,
473 3850 555 3898 96.
