2652 4088
275 177 382 233 168
870 174 1157 236 Collectanea
1187 185 1245 218 ex
1276 171 1508 218 codicibus
1538 170 1931 219 Pulkoviensibus.

449 325 596 372 Ratio
634 323 993 388 superficierum
1019 321 1365 385 quadratarum
1393 327 1468 370 est
1505 322 1656 386 dupla
1691 323 1892 371 rationis
1914 321 2168 371 linearum.
2218 322 2522 386 Angulorum

276 412 500 447 mensura
539 395 780 445 ordinaria
819 403 894 445 est
930 401 1104 454 rectus,
1145 410 1293 458 saepe
1346 396 1491 444 etiarn
1541 395 1652 455 alii,
1704 394 1939 443 linearum
1979 395 2115 443 nulla
2153 410 2238 458 per
2273 410 2351 456 se,
2408 399 2523 458 quia

276 472 432 520 lineae
471 484 569 517 non
604 466 980 534 σχηματιζονται.
1053 467 1317 516 Planorum
1356 482 1582 516 mensura
1621 467 1926 530 quadratum,
1965 467 2230 516 solidorum
2258 495 2325 504 -—
2353 469 2521 518 cubus,

453 542 802 591 Arithmeticae
840 542 1085 604 proprium
1124 540 1245 587 nihil
1284 546 1358 588 est
1396 554 1542 601 quam
1581 541 1757 589 addere
1785 546 1833 588 et
1858 540 2155 590 subtrahere.
2214 540 2330 589 Jam
2356 541 2523 589 multi—

274 615 454 680 plicare
505 616 714 679 pertinet
753 612 1336 677 adparallelogramma,
1394 612 1612 661 dividere
1662 612 1844 660 itidem.
1922 613 2116 663 Addere
2155 620 2204 662 et
2240 613 2525 664 subtrahere

276 694 349 737 est
381 702 638 752 ¹numerare
676 702 761 751 per
788 692 982 750 puncta,
1022 685 1345 748 multiplicare
1372 691 1420 733 et
1446 684 1663 734 dividere
1691 691 1765 733 est
1788 699 2040 734 numerare
2070 701 2152 749 per
2178 685 2526 750 quadrangula.
2621 684 2637 742 ⁴.

451 763 578 808 Haec
617 762 779 807 iterum
811 767 1064 818 sequuntur
1092 762 1235 805 multa
1263 761 1534 812 tentamina,
1564 761 1660 804 sine
1691 760 1848 805 ordine
1882 775 1930 805 se
1962 762 2155 806 invicem
2187 761 2523 818 subsequentia,
2555 759 2557 765 ’
2599 758 2622 833 ,ζ’

277 833 351 874 nt:
398 827 703 882 „Deliberatio
737 828 791 872 de
821 827 902 883 iis,
945 840 1060 882 quae
1094 832 1138 870 et
1171 840 1261 882 quo
1294 826 1451 870 ordine
1481 826 1528 870 in
1566 826 1681 871 libro
1713 827 1794 871 ΙΙΙ.
1834 828 2072 872 tractanda
2107 828 2238 872 sint.“
2305 829 2527 884 „Oportet

273 906 538 951 percurrere
575 893 834 937 universum
864 892 1100 937 Euclidem
1132 897 1177 937 et
1207 892 1409 947 singulas
1450 891 1736 935 considerare
1764 892 2125 948 propositiones“
2151 898 2236 937 etc.
2262 899 2346 938 etc.
2396 893 2525 936 Novo

274 965 406 1016 capto
430 959 601 1016 impetu
624 964 887 1015 sequentem
908 959 1242 1014 paragraphum
1263 956 1494 1013 inscripsit
1517 957 1761 1013 Keplerus3
1799 958 1892 1010 „De
1913 959 2109 1003 numeris
2130 957 2528 1015 proportionaliter

281 1024 460 1074 sectis“,
490 1030 595 1081 post
624 1037 794 1080 paucas
825 1037 931 1067 vero
963 1023 1105 1067 lineas
1135 1035 1229 1067 rem
1258 1022 1568 1079 imperfectam
1589 1020 1863 1079 relinquens,
1896 1023 2161 1080 adscripsit:
2199 1023 2348 1076 „Haec
2379 1023 2527 1078 alibi“‚

275 1097 321 1136 et
351 1091 481 1147 quasi
513 1091 702 1135 eandem
731 1095 950 1135 tractaret
979 1102 1089 1144 rem,
1122 1089 1287 1146 pergit:
1324 1085 1438 1134 Jam
1465 1083 1584 1131 illud
1611 1085 1803 1145 incidit,
1842 1100 1989 1148 posse
2028 1085 2298 1148 triangulos
2336 1093 2529 1134 rectan-

274 1162 415 1225 gulos
453 1161 715 1209 rationales
753 1160 906 1208 multo
944 1159 1135 1208 facilius
1161 1160 1459 1221 investigari.
1499 1159 1610 1204 Inde
1641 1160 1758 1204 redit
1788 1160 1846 1205 ad
1876 1174 2163 1206 numerorum
2204 1162 2427 1207 theoriam
2458 1162 2528 1207 his
2624 1163 2629 1166 ’

277 1229 661 1288 propositionibus
692 1243 716 1274 e
746 1229 971 1286 prioribus
1002 1228 1232 1285 repetitis:

453 1295 509 1365 1)
550 1296 723 1347 Unitas
749 1304 824 1347 est
850 1299 1018 1361 impar.
1096 1294 1154 1364 2)
1197 1297 1337 1346 Duae
1375 1300 1587 1348 unitates
1611 1311 1777 1360 parem
1815 1296 2013 1345 faciunt.
2092 1292 2151 1364 3)
2192 1297 2418 1346 Binarius
2457 1302 2532 1346 est
2606 1342 2608 1345 .

284 1386 374 1434 par
412 1370 492 1434 (ex
533 1366 622 1439 2.).
699 1371 755 1434 4)
793 1369 968 1421 Unitas
1005 1370 1069 1419 ad
1109 1385 1271 1432 parem
1312 1374 1537 1434 apposita
1585 1372 1704 1419 facit
1738 1371 1989 1432 imparem.
2070 1368 2120 1431 5)
2160 1370 2420 1419 Ternarins
2457 1376 2532 1419 est
2626 1371 2630 1395 ³

279 1446 434 1507 impar
473 1445 554 1506 (ex
596 1443 679 1508 4.).
758 1441 808 1505 6)
844 1441 1020 1494 Unitas
1059 1443 1227 1492 addita
1276 1445 1449 1507 impari
1499 1445 1614 1493 facit
1662 1458 1827 1506 parem
1867 1440 1945 1508 (ex
1988 1446 2034 1502 1,
2076 1439 2160 1507 2.).
2240 1446 2293 1505 7)
2332 1443 2532 1492 Numeri
2623 1442 2634 1490 ἵ

278 1517 444 1565 ordine
493 1531 545 1566 se
585 1516 826 1566 excedunt
862 1518 1064 1567 unitate.
1145 1513 1194 1580 8)
1231 1516 1430 1566 Numeri
1480 1517 1717 1566 naturalis
1767 1515 1949 1564 ordinis
1986 1520 2101 1563 sunt
2136 1514 2334 1564 alternis
2371 1530 2529 1584 pares,
2563 1537 2580 1555 -=
2620 1519 2652 1550 ’²

278 1591 504 1653 impares.
586 1589 637 1654 9)
675 1590 914 1638 Numerus
965 1591 1110 1638 toties
1160 1597 1371 1650 sumtus,
1424 1599 1543 1653 quot
1592 1596 1704 1637 sunt
1754 1591 1801 1635 in
1852 1587 2003 1636 altero
2054 1601 2252 1636 numero
2302 1592 2529 1648 unitates,
2595 1591 2597 1593 ’

278 1662 454 1711 dicitur
489 1662 649 1711 facere
688 1676 796 1711 cum
835 1662 921 1710 illo
960 1676 1227 1710 numerum.
1289 1662 1367 1724 10)
1397 1663 1561 1726 Impar
1600 1661 1795 1710 additus
1823 1662 1928 1723 pari
1954 1661 2067 1709 sacit
2094 1663 2326 1723 imparem
2353 1660 2429 1727 (ex
2449 1659 2529 1726 4.).
2618 1642 2644 1715 's'

284 1734 371 1798 11)
390 1732 562 1798 ⁴Impar
601 1733 662 1783 ad
700 1736 932 1798 imparem
972 1734 1167 1783 additus
1204 1735 1321 1784 facit
1360 1751 1525 1798 parem
1554 1736 1635 1799 (ex
1665 1735 1750 1797 6.).
1834 1735 1919 1797 12)
1947 1734 2172 1782 Binarius
2202 1736 2306 1797 pari
2334 1734 2530 1783 additus

280 1808 398 1856 facit
432 1820 600 1870 parem
642 1807 722 1870 (ex
763 1813 921 1857 2-4,
963 1805 1045 1871 6.).
1129 1805 1213 1872 13)
1252 1805 1423 1856 Omnis
1472 1824 1559 1872 par
1606 1814 1678 1856 tot
1716 1807 1864 1855 habet
1903 1806 2133 1868 aequales
2172 1813 2363 1870 partes,
2413 1814 2531 1870 quot

277 1887 389 1929 sunt
426 1882 474 1927 in
514 1880 701 1928 binario
758 1882 971 1929 unitates
1011 1879 1089 1946 (ex
1129 1886 1177 1929 2.
1221 1878 1303 1944 3.).
1384 1882 1469 1945 14)
1511 1882 1604 1930 Par
1642 1879 1704 1929 ad
1751 1894 1917 1944 parem
1967 1879 2161 1928 additus
2212 1880 2328 1928 facit
2365 1895 2530 1942 parem
2614 1853 2652 1940 2*

279 1949 392 2020 (12.
436 1949 564 2020 13.).
648 1948 741 2020 15)
782 1954 963 2002 Factus
1003 1968 1033 2001 a
1069 1955 1176 2016 pari
1227 1961 1275 2002 et
1329 1955 1500 2017 impari
1552 1968 1640 2017 par
1679 1960 1752 2001 est
1801 1955 1908 2015 (11.
1952 1951 2075 2014 14.).
2166 1955 2256 2017 16)
2295 1954 2475 2002 Factus
2504 1969 2533 2002 a

279 2027 386 2088 pari
425 2031 472 2074 et
509 2026 614 2088 pari
652 2040 741 2088 par
779 2032 852 2074 est
889 2023 1028 2092 (14.).
1111 2026 1196 2088 17)
1238 2027 1416 2075 Factus
1455 2028 1517 2075 ab
1569 2026 1837 2089 imparibus
1878 2025 2069 2073 duobus
2109 2032 2183 2075 est
2222 2028 2377 2089 impar
2415 2024 2529 2094 (11.

287 2093 414 2165 10.).
484 2095 569 2163 18)
598 2097 835 2160 Quadrati
861 2101 1047 2162 parium
1076 2106 1189 2147 sunt
1215 2114 1356 2163 pares
1385 2096 1544 2167 (14.).
1615 2095 1706 2167 19)
1736 2097 1970 2161 Quadrati
1996 2100 2276 2161 imparium,
2321 2101 2528 2162 impares
2610 2116 2616 2124 ·

283 2167 440 2239 (17.)
520 2166 616 2238 20)
657 2171 711 2219 In
740 2173 864 2221 serie
892 2171 1236 2234 quadratorum
1275 2180 1388 2221 sunt
1414 2173 1612 2222 alternis
1639 2187 1741 2235 par,
1780 2174 1935 2234 impar
1961 2174 2069 2233 (18.
2104 2171 2222 2235 19.).
2276 2178 2363 2229 21)
2393 2172 2530 2234 Qua·
2612 2191 2613 2194 ¹

281 2244 526 2293 dratorum
565 2258 793 2293 excessus
834 2244 1007 2293 dicitur
1045 2260 1256 2308 gnomon
1298 2249 1380 2306 (ex
1421 2246 1739 2307 Geometria).
1803 2241 1896 2312 22)
1929 2243 2154 2292 Gnomon
2191 2245 2342 2293 ambit
2378 2245 2531 2294 latera
2618 2238 2652 2306 ἶ

276 2315 356 2383 (ex
396 2313 606 2380 Geom.).
685 2313 779 2384 23)
823 2317 1180 2380 Quadratorum
1231 2321 1558 2382 proximorum
1607 2332 1821 2381 gnomon
1861 2324 1936 2366 est
1983 2317 2182 2381 duplum
2234 2317 2399 2367 lateris
2455 2316 2530 2366 vel

279 2389 457 2439 radicis
496 2390 608 2452 plus
647 2392 832 2439 unitate
873 2387 1033 2457 (22.)
1086 2388 1182 2459 24)
1224 2392 1558 2440 proximorum
1596 2391 1942 2454 quadratorum
1983 2405 2209 2439 excessus
2248 2391 2397 2439 habet
2435 2393 2530 2439 im·
2596 2422 2598 2428 ·
2635 2381 2652 2452 Ξ

279 2477 421 2526 pares
460 2459 536 2530 (3.
582 2468 664 2512 16.
709 2459 836 2531 15.)
916 2464 1005 2527 25)
1046 2463 1169 2512 Cum
1207 2464 1333 2513 idem
1375 2465 1568 2513 additur
1607 2465 1822 2522 duobus,
1874 2463 2042 2513 eadem
2082 2470 2245 2513 manet
2282 2463 2529 2512 distantia.

282 2535 371 2598 26)
411 2536 578 2597 Dupla
615 2549 923 2585 numerorum
962 2538 1011 2584 in
1036 2536 1218 2585 ordine
1256 2538 1466 2586 naturali
1515 2537 1696 2585 distant
1745 2538 1931 2585 binario
1972 2533 2050 2604 (7.
2093 2533 2221 2603 24.)
2299 2540 2390 2597 27)
2434 2537 2532 2584 Ex-

278 2621 442 2656 cessus
480 2614 684 2670 surgunt
722 2610 908 2657 binario
943 2608 1046 2673 (26.
1075 2614 1159 2661 25.
1190 2612 1308 2675 23.).
1387 2611 1474 2673 28)
1501 2610 1718 2673 Impares
1757 2611 1923 2658 ordine
1963 2610 2172 2658 naturali
2213 2616 2418 2672 surgunt
2456 2611 2533 2657 bi-

275 2682 412 2728 nario
437 2680 544 2744 (26.
573 2685 656 2731 25.
686 2679 769 2746 4.).
837 2679 923 2745 29)
949 2682 1002 2730 Si
1034 2682 1273 2744 quadrata
1298 2698 1604 2732 numerorum
1632 2685 1844 2731 omnium
1873 2684 2014 2731 seriei
2040 2682 2275 2731 naturalis
2303 2682 2531 2731 ordinen-
2559 2709 2575 2716 *-

279 2759 371 2813 tur,
412 2749 678 2816 gnomones
717 2769 803 2802 seu
830 2754 1126 2803 differentiae
1166 2763 1305 2804 erunt
1343 2759 1490 2804 series
1526 2755 1761 2822 naturalis
1800 2757 2069 2818 imparium.
2149 2756 2238 2819 30)
2266 2756 2532 2804 Primorum
2585 2761 2593 2794 ἑ

277 2828 602 2889 proximorum
642 2826 990 2890 quadratorum
1029 2827 1298 2877 differentia
1338 2836 1411 2877 est
1449 2830 1687 2878 ternatius
1722 2826 1867 2895 (23.).

1346 2916 1474 2978 Ergo

543 2992 589 3036 3.
669 2990 717 3036 5.
796 2992 843 3036 7.
921 2987 969 3038 9.
1048 2991 1128 3035 11.
1209 2992 1290 3036 13.
1371 2993 1452 3038 15.
1533 2993 1614 3036 17.
1698 2992 1777 3036 19.
1857 2993 1937 3037 21.
2018 2994 2101 3038 23.
2182 2993 2247 3038 25

479 3064 525 3110 1.
605 3065 650 3111 4.
727 3061 774 3108 9.
842 3064 924 3108 16.
965 3063 1049 3109 25.
1104 3054 1212 3111 36.
1292 3066 1375 3110 49.
1455 3065 1537 3109 64.
1615 3065 1699 3108 81.
1760 3066 1875 3109 100.
1922 3067 2040 3110 121.
2087 3067 2203 3111 144.

450 3131 704 3182 Hactenus
743 3131 913 3180 eadem
952 3147 1076 3195 quae
1117 3146 1279 3195 supra,
1320 3134 1497 3195 quibus
1536 3133 1796 3194 subjunge,
1838 3149 1963 3196 quae
2002 3134 2101 3183 illic
2139 3141 2252 3183 sunt
2290 3136 2352 3183 ab
2384 3140 2452 3184 18
2483 3137 2530 3182 in
2595 3157 2599 3184 τ
2642 3176 2643 3180 ,

280 3209 363 3254 28.
439 3204 555 3254 Jam
591 3219 679 3269 pro
719 3206 999 3254 inventione
1050 3207 1265 3254 omnium
1317 3206 1661 3268 quadratorum
1714 3208 1816 3254 sive
1855 3209 2162 3269 quaesitione
2199 3206 2376 3256 radicis
2414 3214 2531 3256 nota

278 3277 498 3327 tabulam
537 3279 678 3327 hanc.

201 3394 204 3396 -
287 3371 333 3416 1.
357 3371 403 3415 2.
427 3372 473 3416 3.
495 3368 544 3414 4.
570 3371 615 3417 5.
642 3373 689 3416 6.
712 3373 757 3415 7.
777 3367 889 3416 8.9.
910 3371 991 3415 10.
1012 3371 1093 3415 11.
1121 3371 1203 3414 12.
1225 3370 1307 3415 13.
1334 3369 1415 3414 14.
1437 3367 1613 3413 15.16.
1637 3369 1716 3414 17.
1742 3369 1926 3418 18.19.
1951 3371 2032 3419 20.
2052 3372 2230 3418 21.22.
2252 3372 2436 3419 23.24.
2460 3371 2525 3417 25

286 3443 333 3490 1.
494 3444 542 3491 4.
831 3444 878 3488 9.
1529 3442 1609 3486 16.
2459 3444 2524 3489 25

391 3516 438 3561 3.
685 3515 731 3561 5.
1230 3516 1276 3562 7.
1968 3516 2014 3559 9.

542 3589 591 3635 2.
980 3589 1030 3639 2.
1613 3586 1660 3630 2.

449 3656 588 3706 Haec
627 3654 823 3718 quidem
862 3670 919 3704 ex
957 3657 1198 3719 prioribus
1236 3655 1508 3705 manifesta.
1585 3654 1706 3702 Cum
1746 3669 1859 3718 ergo
1899 3658 2024 3705 inter
2061 3657 2267 3718 primum
2305 3672 2392 3719 par
2421 3663 2450 3706 4
2477 3663 2524 3706 et
2585 3698 2592 3714 .

280 3731 436 3790 impar
478 3731 506 3776 9
547 3731 735 3776 intersit
771 3744 981 3792 gnomon
1025 3734 1070 3789 5,
1110 3731 1231 3778 inter
1262 3731 1291 3777 9
1320 3735 1369 3776 et
1398 3734 1460 3777 16
1501 3741 1711 3790 gnomon
1741 3731 1787 3788 7,
1827 3743 2018 3778 summa
2055 3743 2169 3790 ergo
2195 3735 2269 3777 est
2301 3735 2363 3779 12
2403 3732 2524 3778 inter

282 3806 313 3849 4
353 3806 400 3848 et
441 3805 520 3857 16,
559 3804 696 3864 paria
733 3804 969 3864 proxima,
1010 3808 1061 3850 at
1101 3817 1130 3850 a
1158 3808 1188 3850 0
1228 3801 1292 3850 ad
1331 3807 1362 3849 4
1400 3802 1490 3849 fuit
1530 3805 1575 3858 4,
1617 3799 1886 3850 differentia
1927 3808 1958 3850 4
1998 3807 2047 3851 et
2089 3806 2151 3849 12
2193 3807 2264 3850 est
2305 3806 2364 3861 8,
2415 3817 2524 3851 sur-

283 3876 405 3937 gunt
442 3887 556 3939 ergo
597 3873 834 3935 quadrata
870 3876 1008 3937 paria
1045 3875 1458 3938 quaternariorum
1497 3871 1869 3936 multiplicibus,
1910 3889 1996 3923 seu
2033 3875 2221 3938 parium
2259 3874 2524 3938 quadrato·
2566 3898 2570 3906 ·
