2652 4088
276 172 349 239 64
1185 167 1217 222 J
1219 173 1377 222 oannis
1401 171 1592 234 Kepleri

272 337 489 382 quaerere
519 322 782 379 conditoria,
815 334 872 368 ne
903 323 1011 381 quid
1041 324 1152 381 ipsis
1183 322 1354 368 sinistri
1382 335 1466 380 per
1495 322 1747 370 absentiam
1778 322 1954 369 animae
1985 322 2179 369 eveniat.
2238 319 2309 368 De
2337 319 2394 369 iis
2422 317 2525 368 vide

271 391 565 436 disserentem
593 388 730 434 Mart.
762 388 916 433 Delrio
947 390 993 434 in
1023 388 1421 446 Disquisitionibus
1449 388 1655 444 Magicis.

447 456 546 501 221.
580 455 653 498 Ex
683 454 856 507 resina,
895 455 1148 500 exsudante
1180 469 1239 500 ex
1269 453 1473 500 trabibus
1502 455 1681 500 navium
1711 468 1795 513 per
1826 454 1944 500 Solis
1982 453 2203 499 fervorem
2236 460 2283 499 et
2311 453 2526 511 globatim

271 522 641 575 adhaerescente,
672 519 830 564 anates
860 520 1009 572 nasci,
1044 521 1207 577 quibus
1239 520 1442 565 ultimum
1466 522 1606 566 totius
1637 522 1840 579 corporis
1870 526 2070 565 rostrum
2099 526 2397 574 maturescat,
2437 531 2526 575 quo

276 588 423 634 soluto
456 598 504 630 se
535 585 645 630 dent
673 585 806 630 undis
839 584 1067 640 subjectis,
1098 584 1240 630 refert
1262 586 1463 642 Scaliger
1490 587 1538 632 in
1558 588 1991 634 Exercitationibus.
2032 588 2156 632 Nota
2185 592 2256 632 est
2283 583 2527 630 multorum

273 653 578 700 celebratione
609 653 746 697 arbor
776 651 970 707 Scotiae,
1002 664 1118 707 quae
1151 652 1342 698 eundem
1372 653 1544 699 foetum
1573 655 1786 711 proferat.
1850 656 1982 699 Anno
2014 654 2141 699 1615.
2173 658 2347 697 aestate.
2378 650 2528 696 siccis-

270 720 383 764 sima
412 718 501 762 vidi
531 717 680 763 Lincii
711 717 900 763 allatum
928 731 986 762 ex
1016 718 1158 762 Drani
1188 718 1359 774 campis
1391 719 1582 765 desertis
1611 720 1832 765 ramulum
1869 721 2091 778 juniperi,
2134 719 2206 764 cui
2236 718 2403 764 adnata
2433 722 2531 762 erat

270 785 416 842 figura
458 783 619 829 insecti
657 783 866 836 insolita,
906 783 1060 828 colore
1101 783 1333 828 scarabaei
1363 785 1562 837 cornuti,
1604 785 1889 831 mediotenus
1920 796 2104 830 exstans
2136 793 2183 830 et
2213 797 2314 830 sese
2344 797 2531 829 movens

268 850 392 895 lento
422 856 561 905 motu,
592 849 848 905 posteriora
877 849 1028 894 arbori
1058 849 1351 896 adhaerentia
1380 858 1507 896 erant
1535 854 1686 897 resina
1709 852 1981 908 juniperina.

442 916 544 961 222.
576 916 645 960 De
676 915 918 972 provinciis
959 915 1062 960 novi
1093 915 1215 962 orbis
1255 917 1412 963 scribit
1440 917 1671 976 Josephus
1703 931 1731 962 a
1762 919 1901 965 Costa
1931 918 2102 964 eadem.
2161 917 2276 963 Vide
2305 916 2531 963 Disserta-

268 981 437 1028 tionem
466 995 611 1027 meam
643 995 744 1027 cum
773 982 949 1027 Nuncio
981 981 1165 1028 Sidereo
1196 982 1224 1027 f.
1263 986 1328 1031 18.

445 1048 546 1094 223.
578 1048 708 1093 Hanc
738 1047 1047 1105 conjecturam
1088 1048 1286 1095 derivavi
1325 1064 1381 1095 ex
1420 1050 1727 1109 disputatione
1766 1051 1983 1108 quadam,
2025 1052 2270 1098 Maestlino
2309 1050 2533 1110 praeside,

271 1127 388 1173 quae
433 1113 557 1160 edita
596 1119 667 1159 est
705 1127 824 1158 anno
856 1114 983 1160 1605.
1022 1112 1178 1172 titulo,
1223 1116 1293 1162 De
1323 1117 1615 1162 Passionibus
1645 1118 1955 1174 Planetarum,
1998 1117 2053 1162 de
2086 1132 2174 1176 qua
2206 1119 2340 1163 etiam
2372 1131 2457 1176 ago
2487 1119 2534 1164 in

275 1181 608 1227 Dissertatione
639 1180 716 1226 fol.
743 1180 811 1227 19.
853 1180 1001 1237 Digna
1031 1187 1183 1225 tamen
1215 1189 1287 1227 est
1315 1196 1403 1238 res,
1435 1195 1552 1239 quae
1580 1189 1680 1227 tota
1709 1183 1844 1229 etiam
1875 1185 1949 1229 hic
1969 1183 2192 1229 referatur
2212 1191 2400 1241 propter
2431 1198 2534 1243 cog·

276 1248 520 1293 nationem.
580 1246 703 1303 Ergo
741 1246 972 1303 paulisper
1009 1245 1055 1290 in
1095 1260 1191 1291 eam
1224 1250 1544 1306 exspatiemur.
1606 1249 1750 1305 Igitur
1790 1255 1949 1294 auctor
1986 1249 2192 1295 thesibus
2227 1250 2327 1296 136.
2361 1256 2406 1293 et
2441 1249 2538 1296 143.

275 1313 434 1371 incipit
466 1314 521 1359 de
550 1313 639 1358 hoc
667 1319 806 1357 παθει
835 1325 993 1368 agere,
1023 1312 1146 1369 quod
1179 1314 1310 1359 Luna
1340 1314 1564 1360 interdum
1596 1314 1754 1360 eadem
1787 1315 1858 1361 die
1889 1321 1934 1359 et
1965 1328 2096 1359 mane
2126 1321 2256 1360 vetus
2288 1322 2334 1359 et
2363 1314 2541 1372 vesperi

247 1436 249 1439 ¹
277 1394 395 1427 nova
425 1386 639 1439 apparet,
679 1380 862 1437 quando
903 1394 993 1425 non
1032 1379 1135 1436 plus
1168 1381 1195 1427 6
1224 1381 1297 1427 vel
1327 1383 1353 1427 7
1386 1381 1600 1440 gradibus
1631 1381 1660 1424 a
1689 1380 1794 1426 Sole
1825 1380 1995 1427 distare
2030 1386 2205 1437 potest,
2251 1393 2350 1424 cum
2390 1386 2540 1425 tamen

278 1447 395 1493 alias
440 1447 538 1504 ejus
584 1445 820 1490 emersioni
859 1446 915 1492 12
946 1445 1112 1501 gradus
1148 1446 1531 1504 praescribantur.
1592 1446 1664 1492 Ad
1696 1446 2002 1503 expediendas
2043 1442 2540 1503 phaenomeni'causas

277 1513 345 1558 th.
388 1513 488 1559 146.
530 1525 694 1556 novum
742 1510 905 1568 dogma
951 1514 1185 1569 proponit,
1233 1514 1407 1558 Lunam
1453 1513 1624 1559 amiciri
1671 1513 1926 1557 substantia
1972 1512 2165 1570 quadam
2213 1512 2346 1557 aeria.
2423 1512 2538 1558 Nam

277 1580 396 1626 thes.
434 1578 529 1626 139.
560 1577 850 1635 probaverat,
891 1577 1066 1623 Lunam
1095 1585 1218 1635 tunc,
1250 1593 1349 1625 cum
1382 1581 1489 1625 totis
1524 1580 1576 1625 12
1607 1579 1821 1636 gradibus
1851 1579 2060 1625 discessit
2091 1592 2118 1622 a
2148 1577 2274 1636 Sole,
2306 1578 2381 1622 vix
2413 1586 2541 1623 octo-

278 1646 492 1703 gesimam
535 1644 741 1689 diametri
781 1643 967 1689 visihilis
998 1652 1172 1701 partem
1211 1645 1506 1692 illuminatam
1537 1659 1564 1690 a
1596 1646 1699 1691 Sole
1730 1645 1911 1690 habere.
1974 1646 2153 1700 Quanto
2183 1644 2320 1701 igitur
2350 1643 2435 1689 erit
2464 1642 2543 1689 illa

280 1711 522 1758 etiamnum
554 1711 711 1764 minor,
743 1710 781 1755 si
810 1723 901 1755 non
931 1709 1051 1755 ultra
1082 1711 1108 1756 7
1140 1712 1307 1767 gradus
1337 1725 1365 1758 a
1397 1713 1501 1759 Sole
1531 1712 1763 1757 abfuerit?
1805 1710 1975 1755 Statuit
1994 1710 2144 1768 igitur,
2176 1715 2320 1755 totum
2342 1709 2387 1754 id
2410 1708 2542 1766 aeris,

279 1780 399 1835 quod
431 1777 550 1822 ultra
581 1776 820 1821 terminum
849 1777 1052 1834 corporis
1082 1777 1240 1824 Lunae
1270 1782 1511 1835 procurrit,
1545 1795 1572 1825 a
1593 1779 1710 1824 Solis
1741 1778 1879 1824 radiis
1909 1778 2038 1835 tingi,
2071 1777 2238 1834 quippe
2269 1776 2325 1821 ab
2357 1775 2411 1821 iis
2442 1789 2543 1835 per·

277 1842 470 1888 meabile
502 1855 582 1887 seu
616 1840 913 1899 pellucidum3
954 1857 1183 1900 nunquam
1215 1845 1367 1902 itaque
1398 1848 1573 1893 Lunam
1604 1844 1786 1903 penitus
1817 1844 2034 1899 extingui,
2067 1856 2124 1887 ne
2153 1843 2199 1887 in
2229 1842 2330 1899 ipsa
2362 1842 2543 1898 quidem

281 1909 469 1957 centrali
499 1908 677 1966 copula.
741 1908 841 1953 Hoc
873 1909 1035 1966 dogma
1066 1911 1303 1956 confirmat
1345 1911 1665 1970 experimentis
1703 1909 1889 1967 insuper
1928 1909 2028 1953 aliis
2060 1909 2268 1965 quinque.
2330 1907 2544 1966 Primum,

280 1975 402 2034 quod
433 1974 586 2019 radius
618 1972 735 2019 Solis
768 1973 1019 2019 deficientis
1063 1989 1146 2032 per
1183 1975 1386 2021 foramen
1417 1978 1703 2023 intromissus
1734 1989 1913 2033 semper
1950 1976 1995 2020 in
2028 1975 2178 2031 effigie
2209 1974 2326 2020 Solis
2358 1973 2547 2019 circum·

280 2041 514 2087 ferentiam
546 2040 814 2086 exteriorem
846 2053 1091 2085 convexam
1123 2041 1262 2089 faciat
1291 2044 1527 2101 majorem,
1560 2056 1694 2102 quam
1727 2043 1983 2088 interiorem
2025 2055 2294 2099 concavam,
2340 2040 2544 2087 defectus

281 2109 454 2157 scilicet
481 2120 509 2152 a
539 2108 698 2153 Lunae
737 2119 938 2152 convexo
980 2121 1170 2165 corpore
1209 2110 1347 2155 excisi
1392 2123 1472 2156 seu
1502 2111 1631 2167 tecti,
1678 2124 1779 2156 cum
1812 2116 1961 2153 tamen
1991 2107 2123 2152 Luna
2159 2106 2294 2164 plena
2324 2105 2545 2151 diametro

281 2177 547 2235 plerumque
591 2174 651 2220 sit
691 2174 851 2230 majori
890 2186 1022 2231 quam
1057 2175 1147 2222 Sol.
1209 2177 1347 2224 Putat
1375 2178 1531 2234 igitur,
1573 2190 1674 2221 cum
1715 2175 1899 2234 plenam
1929 2175 2158 2232 metimur,
2190 2187 2275 2219 nos
2305 2172 2350 2218 id
2382 2172 2544 2227 metiri,

245 2259 247 2261 ·
283 2242 403 2300 quod
435 2242 556 2288 ultra
587 2253 750 2298 corpus
781 2246 934 2286 exstat
964 2240 1020 2285 de
1051 2240 1304 2288 illuminato
1337 2249 1440 2290 aare
1470 2243 1618 2290 lunari
1648 2242 1961 2296 circumcirca3
1996 2254 2095 2287 cum
2128 2253 2234 2285 vero
2265 2240 2366 2298 ipsa
2393 2238 2543 2285 Solem

283 2309 411 2367 tegit,
445 2307 586 2353 solam
616 2306 661 2351 id
692 2312 946 2364 praestare,
978 2307 1090 2353 nihil
1120 2308 1322 2366 adjutam
1353 2310 1412 2355 ab
1443 2309 1529 2355 hac
1559 2321 1643 2354 sna
1672 2308 1825 2354 tunica
1857 2307 1999 2357 aeria,
2031 2314 2081 2352 ut
2114 2319 2248 2364 quam
2280 2304 2398 2351 Solis
2428 2303 2544 2350 radii

283 2379 519 2420 transeant
547 2372 658 2417 nihil
688 2371 892 2429 impediti
921 2386 1005 2418 nec
1036 2373 1287 2433 intersepti.

458 2439 558 2484 Hoc
589 2437 969 2494 experimentum,
1009 2441 1069 2486 ab
1101 2441 1417 2487 observatione
1449 2440 1628 2497 eclipsis
1660 2439 1777 2489 Solis
1807 2438 2023 2495 petitum,
2054 2437 2332 2483 verissimum
2366 2435 2546 2494 quidem

285 2511 376 2562 est,
421 2503 650 2560 movitque
680 2503 813 2548 etiam
845 2503 1105 2562 Tychonem
1139 2507 1309 2563 Brahe,
1356 2514 1407 2552 ut
1438 2506 1704 2550 diametrum
1736 2506 1893 2550 Lunae
1923 2517 2067 2549 novae
2096 2504 2298 2549 traderet
2327 2503 2544 2549 minorem

285 2571 503 2616 diametro
534 2569 719 2626 plenae,
761 2574 1005 2627 tueturque
1047 2571 1311 2628 magistrum
1354 2573 1488 2619 etiam
1519 2572 1908 2625 Longimontauns
1946 2571 1992 2615 in
2035 2570 2325 2615 Astronomia
2355 2570 2544 2615 Danica.

285 2637 459 2684 Multus
489 2635 575 2680 fuit
604 2634 648 2679 in
679 2635 766 2680 hac
796 2636 953 2681 Lunae
985 2636 1170 2681 camisia
1201 2639 1334 2683 etiam
1367 2638 1563 2682 Davides
1594 2637 1828 2681 Fabricius
1859 2642 2146 2682 astronomus
2180 2635 2372 2693 Frisius‚
2417 2634 2547 2693 qu'us

286 2701 455 2760 placita
493 2700 708 2746 ventilavi
748 2700 793 2744 in
824 2700 1161 2758 Prolegomenis
1192 2703 1560 2760 Ephemeridum.
1622 2702 1914 2747 Verissimum
1957 2701 2139 2758 inquam
2179 2708 2269 2754 est,
2310 2702 2355 2746 in
2398 2700 2547 2757 effigie

288 2768 406 2815 Solis
438 2767 699 2815 deficientis,
729 2779 811 2823 per
840 2766 1039 2812 foramen
1070 2782 1258 2826 parvum
1287 2770 1500 2826 immissa,
1532 2781 1781 2814 convexam
1812 2768 2218 2814 circumferentiam
2242 2781 2344 2814 esse
2364 2767 2548 2825 majoris

285 2833 442 2879 circuli
471 2832 751 2890 portionem,
792 2846 1035 2878 concavam
1066 2835 1273 2891 minoris,
1319 2843 1366 2880 at
1404 2848 1544 2880 causa
1579 2833 1721 2880 allata
1751 2847 1778 2879 a
1809 2835 2089 2891 disputatore
2130 2848 2222 2879 non
2262 2840 2332 2879 est
2369 2833 2546 2879 idonea.

286 2901 389 2946 Non
421 2904 491 2943 est
520 2897 631 2943 mihi
660 2898 857 2956 animus,
897 2913 1066 2956 negare
1094 2905 1243 2946 aerem
1272 2901 1497 2959 lunarem,
1530 2901 1681 2958 recepi
1713 2913 1815 2945 eum
1845 2901 1889 2944 in
1922 2899 2094 2958 Opticis
2124 2900 2203 2946 fol.
2236 2901 2336 2956 252,
2371 2899 2471 2946 302.
2503 2905 2550 2944 et

287 2965 331 3010 in
363 2965 695 3010 Dissertatione
724 2963 757 3012 f.
795 2966 873 3022 183
919 2965 957 3010 is
987 2972 1141 3010 tamen
1170 2981 1261 3012 non
1292 2967 1431 3012 efficit
1460 2968 1568 3022 hoc,
1609 2966 1729 3023 quod
1770 2965 1945 3021 quaerit
1984 2966 2252 3024 disputator.
2316 2965 2403 3012 Est
2432 2965 2548 3011 enim

291 3030 586 3088 experimenti
617 3043 755 3075 causa
775 3029 876 3087 alia,
910 3031 1244 3078 semidiameter
1274 3033 1517 3089 foraminis,
1548 3046 1632 3089 per
1652 3032 1772 3089 quod
1805 3031 1957 3076 radius
1980 3031 2098 3076 Solis
2130 3032 2348 3089 irrumpit.
2403 3030 2549 3087 Hujus

290 3095 610 3142 semidiametri
639 3094 877 3141 latitudine
906 3096 1082 3143 fimbria
1102 3098 1254 3144 lucida
1273 3099 1490 3144 accrescit
1511 3098 1673 3154 effigiei
1705 3098 1899 3143 falcatae
1931 3098 2048 3143 Solis
2080 3099 2381 3155 circumcirca,
2413 3099 2549 3143 etiam

291 3164 339 3209 in
369 3161 652 3208 acuminibus
695 3175 935 3219 cornuum,
981 3165 1133 3222 itaque
1172 3165 1250 3210 illa
1288 3165 1404 3211 fiunt
1434 3166 1608 3210 obtusa.
1671 3164 1769 3207 Hac
1807 3165 1983 3209 fimbria
2014 3165 2163 3211 lucida
2195 3166 2387 3220 detersa,
2417 3164 2550 3209 relin-

292 3228 444 3285 quitur
475 3228 649 3286 effigies
681 3227 877 3285 sincera,
919 3229 1047 3286 cujus
1089 3230 1449 3277 circumferentia
1488 3230 1685 3276 exterior
1721 3229 1815 3285 jam
1854 3237 1925 3276 est
1955 3232 2248 3289 contractior,
2290 3231 2476 3277 interior
2506 3237 2552 3276 et

292 3307 488 3341 concava
518 3294 678 3340 laxior.
721 3295 881 3351 Itaque
911 3295 997 3343 hac
1026 3298 1247 3343 medicina
1268 3297 1484 3352 adhibita,
1513 3296 1736 3353 reperitur
1757 3296 1973 3342 diameter
1996 3297 2154 3343 Lunae
2177 3298 2326 3344 Solem
2358 3298 2550 3355 tegentis

292 3374 493 3418 congrua
524 3361 741 3407 diametro
771 3361 948 3418 plenae.

469 3428 598 3472 Hanc
627 3441 772 3471 meam
805 3428 1074 3474 solutionem
1105 3427 1212 3472 nodi
1243 3440 1300 3472 ex
1332 3428 1504 3485 Opticis
1534 3426 1646 3472 meis
1679 3442 1734 3474 ea
1762 3434 2032 3486 tempestate
2055 3430 2187 3476 editis
2218 3429 2402 3475 adducit
2431 3429 2551 3474 idem

292 3492 382 3549 ille,
414 3492 488 3550 qui
518 3493 836 3550 respondentis
868 3503 1022 3552 partes
1053 3495 1328 3552 sustinebat,
1369 3494 1416 3540 in
1445 3500 1556 3539 nota
1585 3494 1643 3538 ad
1674 3495 1843 3546 thesin,
1886 3494 2131 3553 laudatque
2163 3502 2208 3542 et
2236 3500 2444 3553 acceptat
2474 3508 2550 3539 ne·

294 3564 447 3614 gatum
477 3571 505 3601 a
533 3573 604 3603 me
636 3559 875 3606 discrimen
905 3563 1023 3608 inter
1052 3561 1228 3606 Lunam
1259 3575 1421 3606 novam
1444 3568 1490 3605 et
1509 3560 1702 3617 plenam,
1733 3573 1880 3616 neque
1901 3568 2050 3606 tamen
2075 3561 2295 3619 expunxit
2315 3574 2340 3605 e
2362 3572 2549 3605 numero

295 3623 705 3679 experimentorum
742 3625 859 3671 aeris
898 3626 1068 3673 lunaris
1098 3627 1187 3672 hoc
1215 3628 1431 3685 primum,
1473 3633 1585 3684 puto
1625 3627 1731 3682 quia
1755 3626 1976 3682 ¹iudicium
2015 3626 2172 3672 lectori
2201 3625 2549 3683 permittendum

297 3688 487 3734 censuit.
546 3691 616 3734 An
659 3690 766 3748 quia
803 3691 1022 3738 foramine
1063 3707 1112 3738 se
1152 3700 1284 3750 putat
1325 3706 1455 3742 usum
1496 3693 1675 3736 omniuo
1706 3692 1992 3748 tenuissimo,
2034 3706 2116 3750 per
2154 3693 2273 3750 quod
2305 3697 2351 3735 et
2382 3703 2552 3737 cornua
2620 3709 2623 3714 ·

297 3753 462 3810 effigiei
492 3755 787 3804 redderentur
817 3767 950 3804 acuta
984 3760 1125 3807 satis?
1169 3761 1311 3816 Atqui
1341 3773 1431 3804 non
1452 3772 1536 3816 ego
1567 3757 1775 3804 credulus
1805 3758 1890 3803 illi:
1922 3771 2132 3815 magnum
2164 3757 2279 3802 enim
2312 3756 2551 3802 discrimen

299 3825 371 3866 est
399 3820 516 3864 inter
545 3822 883 3877 proportionem
915 3826 1258 3881 diametrorum,
1302 3838 1436 3882 quam
1473 3829 1633 3869 auctor
1670 3824 1837 3881 allegat
1873 3837 1930 3868 ex
1969 3823 2147 3881 eclipsis
2179 3821 2296 3867 Solis
2339 3823 2551 3866 observa·

299 3888 422 3935 tione
451 3899 570 3934 anno
605 3887 730 3935 1605.
761 3891 834 3951 ἦ.
864 3890 1072 3938 Octobris
1082 3924 1095 3948 ,
1137 3892 1343 3950 interque
1374 3903 1497 3944 eam,
1542 3902 1676 3947 quam
1715 3903 1800 3948 ego
1838 3889 2127 3947 deprehendo
2167 3890 2214 3936 in
2244 3886 2550 3937 consimilibus
