2652 4088
1085 151 1131 197 in
1162 152 1281 198 Orbe
1311 154 1480 200 Lunae.
2301 152 2405 208 103

152 301 562 366 quemadmodum
602 316 760 366 neque
799 316 925 363 caro,
964 315 1123 364 neque
1162 302 1349 363 humor,
1390 302 1476 352 sed
1502 302 1566 364 id,
1608 300 1738 365 quod
1779 302 2049 364 cogitamus
2089 305 2138 350 et
2175 302 2407 364 sapimus.

151 376 214 424 Et
252 379 417 425 anima
453 392 485 424 a
521 382 681 425 mente
720 375 926 438 figurata
965 380 1014 423 et
1053 388 1227 438 corpus
1279 375 1493 438 figurans
1533 382 1681 439 atque
1719 373 1924 423 induens
1962 375 2279 437 undiquaque
2320 389 2408 423 ex-

150 452 296 513 tergit
332 450 472 513 quasi
508 451 750 512 speciem3
801 450 966 511 itaque
1008 449 1098 496 etsi
1149 447 1301 497 multo
1351 455 1566 512 tempore
1617 450 1818 497 seorsim
1859 446 2046 510 degerit
2083 448 2145 496 ab
2184 454 2406 511 utroque,

150 529 312 572 tamen
360 523 474 585 quia
511 522 716 584 figuram
756 529 804 570 et
841 519 1207 570 similitudinem
1249 528 1528 582 conservat,
1584 521 1893 569 simulacrum
1940 526 2068 569 recte
2117 523 2406 569 nominatur.

150 595 213 644 Et
250 596 422 644 harum
461 595 658 657 quidem
696 596 867 643 matrix
908 609 996 642 seu
1035 593 1327 642 elementum
1365 602 1437 644 est
1476 595 1632 655 Luna,
1673 596 1743 642 uti
1784 593 1989 654 dictum3
2029 595 2078 640 in
2116 593 2245 643 hanc
2283 596 2408 642 enim

150 668 457 718 resolvuntur
505 667 646 727 illae,
699 673 752 715 ut
803 670 853 714 in
902 674 1078 716 terram
1134 681 1335 730 corpora
1374 675 1695 729 mortuorum,
1748 667 1882 714 brevi
1933 665 2126 728 quidem
2174 669 2407 730 temporis

151 743 312 804 spatio
352 742 543 789 animae
582 741 853 802 sapienteS,
905 754 1032 803 quae
1082 741 1130 785 in
1171 743 1270 788 otio
1310 743 1509 789 innoxio
1551 743 1652 789 vita
1688 739 2028 802 philosophica
2066 741 2170 788 sine
2207 742 2405 804 negotio

149 815 281 863 suere
321 819 593 862 contentae.
645 813 745 862 Eae
785 828 996 876 namque
1036 812 1266 862 dimissae
1306 830 1335 862 a
1372 820 1534 862 mente
1573 828 1663 862 nec
1701 813 1763 861 ad
1803 812 1951 860 ullam
1990 827 2131 875 porro
2159 828 2260 862 rem
2287 829 2406 864 usae

147 886 518 950 cupiditatibuS,
560 892 896 935 exarescentes
937 887 1323 948 exstinguuntur.
1391 885 1529 947 Quae
1567 900 1682 934 vero
1722 886 1988 934 honoribus
2028 885 2317 935 studuerunt
2356 893 2404 936 et

146 961 317 1008 turbae
365 959 692 1020 negotiorum,
745 965 792 1007 et
841 974 967 1022 quae
1022 960 1269 1007 amoribus
1320 973 1575 1021 corporum
1621 958 1898 1007 sordidatae
1940 965 2025 1007 aut
2073 960 2173 1007 irae
2214 959 2406 1009 deditae

147 1034 366 1091 fuerunt,
405 1031 532 1079 aliae
573 1031 768 1093 quidem
807 1032 961 1080 veluti
1000 1047 1086 1094 per
1124 1046 1345 1081 somnum
1383 1047 1502 1080 usae
1540 1031 1877 1080 recordatione
1926 1033 2059 1079 vitae
2108 1038 2307 1081 exactae
2355 1039 2409 1082 ut

148 1107 348 1154 somniis
385 1106 432 1151 in
473 1103 651 1152 multos
693 1104 1024 1153 distrahuntur
1063 1106 1298 1168 impetuS,
1350 1111 1403 1152 ut
1442 1104 1526 1153 illa
1564 1104 1900 1168 Endymionis
1978 1104 2251 1167 Postquam
2291 1121 2407 1155 vero

142 1178 252 1227 illas
291 1176 582 1226 instabilitas
620 1183 667 1226 et
705 1173 1115 1240 passibilitatem)
1155 1178 1213 1226 de
1253 1183 1383 1226 statu
1423 1189 1512 1226 suo
1555 1177 1771 1226 dimovet
1809 1192 1936 1239 aque
1975 1177 2116 1225 Luna
2155 1178 2217 1225 ad
2256 1178 2407 1227 alium

145 1258 300 1301 ortum
340 1251 656 1311 abstraxerit,
695 1264 792 1298 non
831 1253 945 1299 sinit
984 1251 1262 1313 conjunctio
1303 1250 1616 1314 (cupiditates
1657 1250 1950 1316 quiescere),
1993 1250 2078 1299 sed
2118 1265 2200 1299 eas
2239 1266 2407 1301 resus-

144 1326 258 1374 citat
296 1330 343 1373 et
383 1323 638 1372 demulcet.
713 1323 825 1372 Non
874 1330 948 1373 est
1000 1324 1127 1372 enim
1166 1338 1320 1386 parva
1365 1338 1466 1384 τρε,
1520 1338 1679 1386 neque
1730 1323 2016 1385 tranquilla,
2071 1338 2231 1386 neque
2280 1325 2405 1374 adeo

143 1397 388 1456 confessa,
442 1395 636 1458 quando
688 1399 879 1447 animae
917 1402 1078 1445 mente
1118 1403 1336 1445 carentes
1385 1397 1492 1445 sola
1531 1397 1792 1446 affectuum
1832 1398 2131 1458 generatrice'
2171 1398 2405 1447 facultate

141 1484 343 1534 corpora
380 1471 754 1532 occupaverint,
793 1470 880 1519 sed
907 1470 1041 1533 Tityi
1081 1476 1129 1517 et
1155 1469 1420 1534 Typhones
1460 1475 1507 1519 et
1545 1473 1586 1518 is
1627 1471 1709 1533 qui
1749 1470 1972 1533 Delphos
2011 1469 2190 1519 insedit
2229 1486 2404 1520 oracu-

138 1544 338 1605 lumque
378 1543 688 1591 conturbavit
737 1544 924 1606 injuriis
973 1549 1020 1591 et
1062 1544 1244 1591 viribus
1284 1543 1517 1604 infestus,
1571 1543 1621 1590 hi
1660 1545 1860 1605 inquam
1899 1558 1958 1592 ex
1996 1542 2187 1591 illarum
2235 1547 2404 1607 utique

140 1630 339 1666 numero
378 1617 647 1663 animarum
688 1623 842 1677 erunt,
884 1631 914 1665 a
952 1618 1140 1665 ratione
1182 1616 1479 1666 desertarum
1521 1622 1568 1665 et
1607 1619 1793 1679 impetu
1828 1631 1956 1679 vago
1995 1617 2256 1665 affectuum
2284 1633 2403 1667 con-

142 1692 412 1740 citatarum.
478 1688 731 1752 Temporis
782 1695 946 1738 tamen
984 1704 1215 1738 successu
1256 1689 1398 1737 Luna
1447 1692 1591 1738 etiam
1645 1690 1734 1749 has
1774 1692 1822 1736 in
1863 1704 1970 1738 sese
2009 1692 2191 1754 recepit
2230 1697 2278 1740 et
2318 1706 2406 1740 ex—

141 1764 345 1823 ornavit,
385 1767 559 1825 postea
598 1777 707 1810 cum
734 1762 820 1811 Sol
857 1765 1030 1812 iterum
1067 1765 1245 1811 mentis
1286 1763 1527 1825 particula
1559 1770 1861 1826 respergeret
1900 1763 2209 1823 vitalitatem,
2250 1780 2406 1814 novas

141 1839 327 1885 animas
365 1835 536 1897 efficit3
576 1835 726 1884 Terra
763 1851 880 1885 vero
922 1838 1064 1885 tertio
1103 1835 1212 1884 loco
1253 1850 1431 1899 corpus
1471 1837 1712 1899 praebuit.
1766 1836 1884 1899 Ipsa
1923 1838 2050 1885 enim
2089 1837 2211 1885 nihil
2240 1853 2407 1900 eorum

145 1916 258 1974 post
295 1914 496 1957 mortem
535 1910 767 1969 restituit,
811 1924 937 1972 quae
977 1911 1181 1957 assumit
1200 1905 1288 1972 132)
1343 1909 1406 1958 ad
1444 1904 1950 1978 gene1·ationem1³³),
2008 1909 2094 1959 Sol
2132 1925 2248 1960 vero
2286 1911 2407 1960 nihil

143 1981 338 2046 quidem
378 1983 582 2030 assumit
620 1983 725 2044 ipse
744 1978 867 2047 ¹³⁴),
918 1981 1131 2045 decerpit
1170 1996 1286 2032 vero
1327 1988 1538 2031 mentem
1589 1998 1736 2046 quam
1778 1979 1998 2051 dat135).
2076 1984 2142 2032 At
2179 1985 2321 2035 Luna
2359 1991 2407 2035 et

142 2058 346 2105 assumit
385 2060 432 2103 et
472 2053 570 2115 dat,
611 2057 858 2118 componit
896 2062 943 2105 et
982 2055 1178 2116 dividit,
1220 2055 1485 2104 secundum
1527 2056 1675 2105 aliam
1715 2062 1762 2105 et
1802 2056 1948 2104 aliam
1987 2053 2376 2124 facultatem130)
2393 2055 2413 2122 3⁴

145 2144 350 2193 quarum
389 2142 515 2190 quac
556 2130 816 2191 componit,
856 2129 1059 2194 Ilithyia
1095 2143 1182 2179 seu
1209 2129 1396 2178 Lucina
1425 2129 1613 2191 dicitur,
1653 2144 1779 2193 quae
1819 2144 1936 2179 vero
1963 2129 2152 2193 dividit,
2193 2132 2406 2181 Artemis

145 2217 233 2253 seu
271 2202 436 2250 Diana
476 2207 691 2250 vocatur.

319 2273 463 2336 Quod
487 2273 551 2322 ad
578 2279 674 2323 tres
699 2274 881 2324 Parcas
909 2276 1096 2335 attinet,
1139 2289 1304 2324 earum
1331 2289 1446 2340 una,
1486 2290 1611 2338 quae
1642 2275 1870 2339 Atropos,
1901 2277 2114 2324 inflexilis
2156 2292 2239 2325 seu
2269 2280 2407 2326 surda

142 2354 362 2409 vocatur,
390 2349 438 2395 in
465 2346 580 2396 Sole
607 2348 862 2410 collocata,
889 2350 1180 2412 principium
1204 2347 1326 2396 indit
1351 2350 1704 2411 generationis,
1736 2350 1911 2399 Clotho
1941 2365 2056 2399 vero
2099 2364 2180 2397 seu
2218 2353 2397 2410 Rumpa

144 2422 334 2470 Lunam
375 2422 677 2482 circumiens,
718 2424 923 2471 revincit
951 2428 998 2470 et
1024 2424 1216 2482 miscet,
1257 2421 1428 2470 ultima
1466 2422 1699 2472 Lachesis
1740 2438 1820 2471 seu
1852 2427 1959 2471 Sors
2002 2423 2306 2472 terrestribus
2333 2428 2407 2471 est

145 2509 389 2555 connexa,
443 2494 528 2542 ubi
566 2493 825 2557 plurimum
862 2496 1058 2544 fortuna
1094 2500 1273 2558 potest.
1347 2495 1472 2544 Nam
1514 2495 1644 2558 quod
1685 2497 2030 2557 estinanime,
2084 2495 2134 2544 id
2174 2497 2250 2544 sui
2282 2497 2406 2559 juris

144 2582 240 2618 non
285 2573 373 2628 est,
414 2567 497 2616 sed
539 2568 801 2617 obnoxium
840 2567 952 2618 aliis
990 2567 1054 2618 ad
1091 2567 1390 2632 patiendum.
1445 2568 1586 2619 Mens
1625 2570 1925 2618 vero'nullis
1965 2571 2175 2619 obnoxia
2211 2571 2407 2632 passio-

144 2642 288 2690 nibus
337 2642 590 2704 imperium
643 2642 842 2691 obtinet.
922 2642 1098 2690 Anima
1152 2643 1302 2691 mixta
1341 2646 1414 2691 est
1452 2657 1511 2690 ex
1559 2648 1765 2706 utroque
1803 2649 1850 2692 et
1887 2643 2272 2692 mediocritatem
2312 2643 2403 2692 ob-

150 2716 292 2774 tinet,
349 2713 758 2776 quemadmodum
809 2721 857 2764 et
895 2714 1035 2764 Luna
1087 2721 1500 2779 contemperatum
1554 2731 1728 2779 corpus
1769 2731 1828 2766 ex
1867 2717 2198 2780 superioribus
2239 2722 2287 2765 et
2323 2718 2403 2763 in-

141 2786 398 2837 ferioribus
438 2793 486 2836 et
524 2788 811 2836 miraculum
850 2789 1020 2852 ingens
1046 2804 1074 2836 a
1101 2787 1207 2837 Deo
1246 2789 1374 2838 facta
1414 2795 1508 2838 est:
1552 2789 1754 2839 eandem
1792 2791 1940 2854 igitur
1964 2790 2114 2840 habet
2151 2789 2214 2838 ad
2238 2789 2401 2839 Solem

146 2862 522 2924 proportionem,
565 2875 710 2923 quam
749 2861 899 2911 Terra
940 2861 1001 2910 ad
1040 2861 1229 2910 Lunam
1257 2858 1359 2925 137).

317 2933 472 2994 Haec,
512 2933 678 2996 ajebat
702 2934 902 2998 Sylla,
942 2935 1185 2998 hospitem
1225 2935 1394 2984 audivi
1432 2940 1722 2998 narrantem,
1764 2938 1847 2998 qui
1889 2935 2106 2985 dicebat:
2147 2937 2240 3000 sibi
2278 2935 2400 2986 haec

140 3005 249 3055 illos
288 3005 485 3056 Saturni
526 3007 852 3057 cubicularios
892 3014 938 3058 et
976 3010 1221 3057 ministros
1263 3010 1526 3071 aperuisse.
1604 3009 1668 3058 At
1706 3010 1874 3070 vobis,
1917 3023 1945 3058 o
1985 3009 2244 3073 Lampria,
2282 3008 2396 3059 licet

141 3081 378 3130 arbitratu
413 3086 577 3130 vestro
617 3083 687 3130 uti
725 3081 819 3131 hoc
855 3096 1091 3144 sermone,
1131 3084 1179 3129 in
1219 3097 1365 3144 quam
1403 3087 1592 3146 partem
1631 3082 1900 3132 volueritis.
