2652 4088
962 153 1252 198 Astronomia
1272 151 1481 197 Lunaris.
1872 123 1875 125 >
2285 150 2352 204 31

97 311 283 354 menter
318 309 622 368 aegrotarem
661 317 719 351 ex
752 301 1021 364 jactatione
1060 306 1108 349 et
1147 315 1294 349 aurae
1334 305 1499 362 tepore
1538 299 1731 346 insueto
1747 293 1844 360 ²⁰),
1899 299 2079 360 quippe
2118 303 2356 359 quatuor-

99 378 252 426 decim
293 391 526 425 annorum
567 375 871 424 adolescens:
911 375 1029 422 navi
1066 373 1130 422 ad
1166 373 1282 422 litus
1321 371 1527 436 appulsa
1564 385 1642 418 me
1681 370 1811 433 apud
1837 372 2130 434 piscatorem
2167 369 2356 421 insula-

99 465 213 498 num
258 447 296 506 ¹)
337 451 561 513 exposuit
600 463 707 497 cum
745 447 897 495 literis
936 452 985 495 et
1023 461 1110 508 spe
1148 445 1332 495 reditus
1368 446 1498 494 facta
1535 443 1699 491 solvit.

274 523 447 572 Literis
488 521 674 570 traditis
700 519 919 568 Braheus
950 518 1092 567 valde
1120 519 1418 567 exhilaratus
1457 518 1619 601 coepit
1663 531 1722 564 ex
1749 530 1824 564 me
1851 515 2004 563 multa
2028 530 2260 578 quaerere
2273 512 2354 581 ²²),

99 610 225 658 quae
266 611 357 658 ego
395 596 591 657 linguae
630 594 879 655 imperitus
918 606 1015 640 non
1054 592 1297 652 intellexi,
1345 592 1515 654 paucis
1566 590 1727 638 verbis
1781 584 2356 657 exceptis23).1taque

96 670 346 730 negotium
386 671 485 716 suis
525 666 656 715 dedit
694 665 940 723 studiosis,
981 679 1104 726 quos
1131 678 1309 727 magno
1338 677 1537 712 numero
1565 657 1834 724 alebat²⁴),
1875 664 1944 710 uti
1972 661 2161 711 mecum
2188 663 2356 711 crebro

95 741 422 803 loquerentur,
461 742 739 801 factumque
777 737 1068 786 liberalitate
1108 734 1369 798 Brahe125)
1411 743 1459 785 et
1496 750 1762 798 paucarum
1799 737 2177 798 septimanarum
2218 750 2358 787 exer-

98 815 235 874 citio,
287 821 341 862 ut
390 812 695 861 mediocriter
734 811 922 858 Danice
968 809 1204 872 loquerer.
1281 809 1383 858 Nec
1420 811 1579 857 minus
1618 823 1707 871 ego
1746 815 1964 871 promtus
2014 811 2064 855 in
2100 809 2357 870 narrand0,

98 902 243 949 quam
280 886 352 934 illi
392 892 526 935 erant
566 887 613 931 in
653 883 947 947 quaerendo.
1011 882 1169 932 Multa
1209 885 1389 945 quippe
1427 884 1620 930 insueta
1657 882 1891 943 mirabar,
1944 881 2099 931 multa
2136 883 2359 931 miranti·
2423 895 2428 900 ·

98 961 190 1008 bus
228 975 286 1009 ex
325 973 434 1007 mea
469 959 629 1020 patria
666 972 796 1005 nova
834 957 1160 1005 recensebam

271 1033 494 1094 Denique
533 1045 756 1080 reversus
795 1031 935 1078 navis
973 1031 1204 1092 magister
1251 1042 1425 1090 meque
1474 1008 1696 1090 repetens
1748 1026 1990 1089 repulsam
2029 1025 2162 1088 tulit,
2215 1025 2360 1077 valde

97 1120 174 1155 me
211 1105 455 1168 gaudente
475 1100 561 1164 ²⁶).

270 1178 449 1225 Mirum
486 1178 534 1223 in
575 1175 769 1224 modum
806 1173 923 1221 mihi
962 1173 1238 1222 arridebant
1276 1173 1603 1221 astronomica
1642 1173 1886 1232 exercitia,
1927 1174 2107 1236 quippe
2147 1173 2354 1223 studiosi

98 1257 146 1300 et
185 1250 403 1298 Braheus
443 1249 747 1298 mirabilibus
787 1247 1022 1294 machinis
1070 1248 1185 1294 totis
1234 1247 1458 1294 noctibus
1510 1245 1826 1320 intendebant
1866 1245 2035 1295 Lunae
2088 1246 2358 1296 sideribus-

99 1320 310 1390 quem),
364 1338 488 1385 quae
540 1337 616 1370 me
655 1335 730 1368 res
782 1319 1076 1368 admonebat
1114 1321 1308 1380 matiiS,
1363 1321 1544 1382 quippe
1595 1324 1642 1367 et
1680 1320 1790 1414 ipsa
1809 1317 2029 1368 assidue
2071 1334 2181 1369 cum
2218 1320 2361 1369 Luna

97 1396 241 1446 solita
281 1404 383 1444 erat
422 1396 634 1457 colloqui
653 1389 746 1460 ²³)

270 1469 378 1517 Hac
417 1471 561 1531 igitur
600 1468 854 1516 occasione
896 1480 987 1528 ego
1027 1467 1186 1527 patria
1232 1465 1617 1524 semibarbarus,
1671 1463 1950 1513 conditione
2001 1467 2359 1528 egentissimuS,

99 1543 145 1588 in
188 1542 519 1590 divinissimae
558 1543 792 1589 scientiae
832 1541 1159 1600 cognitionem
1202 1540 1330 1603 veni,
1370 1552 1496 1600 quae
1535 1537 1655 1585 mihi
1693 1537 1756 1585 ad
1782 1539 1969 1600 majora
1996 1541 2125 1587 viam
2151 1541 2359 1602 paravit.

271 1616 462 1663 Etenim
503 1616 685 1662 exactis
725 1614 863 1660 annis
904 1612 1092 1673 aliquot
1132 1614 1180 1658 in
1219 1611 1312 1659 hac
1351 1610 1511 1659 insula
1550 1611 1743 1659 tandem
1780 1627 1855 1659 me
1895 1611 2135 1675 cupiditas
2161 1615 2360 1662 incessit

100 1688 385 1736 revisendae
425 1690 639 1750 patriae3
686 1687 825 1733 rebar
864 1687 991 1733 enim
1030 1699 1126 1732 non
1165 1700 1316 1747 grave
1355 1684 1472 1731 mihi
1511 1684 1724 1732 futurum
1766 1685 1827 1732 ob
1868 1687 2158 1748 acquisitam
2198 1689 2360 1735 scien-

99 1764 231 1820 tiam,
273 1776 514 1823 emergere
554 1760 615 1808 ad
655 1758 867 1820 aliquam
908 1759 956 1804 in
994 1756 1103 1806 mea
1139 1764 1284 1819 gente
1319 1757 1426 1805 rudi
1466 1757 1765 1820 dignitatem.
1830 1758 2055 1807 Salutate
2085 1761 2231 1822 igitur
2268 1776 2361 1823 pa-

98 1841 236 1882 trono
285 1841 331 1883 et
381 1836 524 1883 venia
564 1833 804 1881 discessus
855 1833 1114 1893 impetrata
1164 1833 1274 1879 veni
1322 1830 1579 1892 Hafniam3
1628 1837 1898 1893 nactusque
1949 1834 2110 1880 socios
2159 1834 2359 1895 itineris,

101 1909 183 1969 qui
221 1922 298 1955 me
347 1908 409 1956 ob
446 1908 643 1969 linguae
684 1911 731 1953 et
768 1907 979 1967 regionis
1018 1906 1342 1966 cognitionem
1379 1905 1585 1952 libenter
1622 1906 1669 1951 in
1711 1919 1852 1953 suum
1889 1907 2210 1968 patrocinium
2248 1922 2361 1956 sus-

101 1988 345 2043 ceperunt,
388 1980 509 2028 redii
550 1982 595 2026 in
638 1980 858 2041 patriam,
901 1979 1069 2039 quinto
1109 1985 1369 2040 postquam
1412 1992 1714 2026 excesseram
1754 1993 1897 2026 anno.

275 2054 438 2101 Prima
477 2054 568 2100 mei
609 2052 791 2100 reditus
831 2050 1035 2099 felicitas
1076 2058 1191 2112 erat,
1235 2051 1366 2113 quod
1403 2059 1607 2099 matrem
1647 2054 1812 2100 inveni
1839 2051 1997 2100 adhuc
2023 2053 2289 2117 spirantem
2315 2058 2363 2101 et

101 2125 269 2175 eadem
310 2141 435 2188 quae
475 2125 589 2174 olim
628 2126 944 2183 factitantem,
984 2123 1226 2185 finemque
1266 2126 1308 2171 ei
1349 2124 1676 2186 poenitudinis
1720 2124 1991 2186 diuturnae,
2034 2127 2096 2173 ob
2129 2126 2362 2174 amissum

98 2201 368 2248 temeritate
408 2199 572 2256 filium,
616 2201 757 2245 vivus
795 2204 842 2244 et
869 2203 1066 2244 ornatus
1095 2197 1251 2244 attuli.
1305 2197 1553 2259 Vergebat
1579 2203 1694 2245 tunc
1719 2212 1873 2246 annus
1903 2201 1950 2244 in
1978 2207 2266 2247 autumnum
2279 2195 2360 2264 29),

21 2289 30 2299 ’
100 2272 521 2334 succedebantque
564 2271 790 2332 deinceps
829 2277 997 2318 noctes
1036 2269 1149 2318 illae
1201 2277 1394 2318 nostrae
1434 2270 1635 2332 longae,
1691 2273 1870 2333 quippe
1908 2271 2144 2320 Natalitio
2185 2272 2362 2320 Christi

29 2399 33 2401 λ
99 2360 264 2394 mense
304 2345 387 2393 Sol
430 2348 475 2391 in
514 2345 713 2392 meridie
755 2346 836 2390 vix
875 2358 1044 2406 parum
1086 2358 1335 2405 emergens
1377 2358 1401 2391 e
1431 2345 1638 2406 vestigio
1676 2359 1861 2392 rursum
1903 2342 2229 2409 conditur-⁹⁵⁰).
2286 2345 2363 2393 Ita

100 2425 253 2467 mater
290 2433 374 2481 per
413 2418 538 2466 hanc
579 2418 881 2465 vacationem
922 2432 952 2463 a
990 2417 1092 2464 suis
1132 2419 1290 2478 operis
1316 2416 1738 2476 mihi-adhaerere,
1780 2433 1810 2466 a
1848 2433 1924 2466 me
1962 2433 2056 2466 non
2099 2417 2361 2479 discedere,

102 2506 391 2553 quocunque
430 2506 506 2540 me
545 2506 653 2539 cum
693 2489 1100 2538 commendatitiis
1140 2489 1290 2538 literis
1329 2492 1634 2551 recepissem,
1674 2492 1946 2552 percontari
1980 2492 2086 2554 Jam
2125 2492 2183 2540 de
2210 2493 2363 2552 terris,

101 2578 223 2627 quas
261 2564 517 2623 adiissem,
565 2564 668 2625 jam
718 2563 775 2611 de
829 2562 994 2622 coe10,
1049 2577 1193 2624 quam
1243 2565 1494 2611 scientiam
1542 2578 1617 2611 me
1670 2564 1896 2612 didicisse
1938 2565 2362 2613 vehementissime

101 2637 371 2701 gaudebat,
422 2652 701 2699 comparare
752 2651 878 2697 quae
923 2639 1028 2698 ipsa
1068 2636 1283 2684 habebat
1321 2643 1567 2699 comperta
1606 2651 1713 2685 cum
1753 2639 1872 2685 meis
1911 2640 2118 2687 narratis
2141 2634 2233 2703 31),
2274 2653 2363 2686 ex-

102 2710 336 2770 clamare,
372 2711 476 2773 jam
514 2725 565 2758 se
603 2717 844 2772 promtam
884 2724 990 2758 esse
1030 2708 1092 2756 ad
1131 2709 1458 2767 moriendum,
1502 2715 1555 2757 ut
1594 2725 1720 2772 quae
1760 2713 1992 2760 scientiae
2032 2726 2174 2773 suae,
2216 2726 2363 2774 quam

103 2784 258 2832 solam
298 2783 583 2846 possideret,
623 2783 773 2830 filium
814 2781 1072 2830 haeredem
1112 2784 1175 2829 sit
1213 2782 1438 2831 relictura
1457 2779 1543 2843 32).

273 2857 380 2914 Ego
419 2863 593 2904 natura
631 2855 970 2917 cupidissimus
1017 2855 1325 2916 perdiscendi
1363 2870 1494 2904 nova
1542 2857 1767 2918 quaesivi
1811 2858 2027 2905 vicissim
2066 2872 2126 2906 ex
2158 2858 2267 2920 ipsa
2305 2856 2363 2906 de

47 2925 52 2934 '
102 2930 203 2977 suis
258 2931 443 2979 artibus
496 2936 543 2977 et
595 2943 717 2990 quos
768 2943 931 2976 earum
986 2927 1241 2976 habuisset
1285 2931 1543 2991 magistros
1595 2930 1642 2975 in
1697 2936 1840 2992 gente
1888 2937 2075 2978 tantum
2123 2945 2153 2978 a
2193 2933 2363 2979 ceteris

106 3001 320 3050 diremta.
396 3002 535 3050 Tune
573 3001 658 3049 illa
697 3000 908 3063 quodam
949 2999 1048 3061 die,
1102 3004 1262 3064 spatio
1302 3002 1364 3050 ad
1404 3002 1701 3064 loquendum
1741 3008 1923 3062 sumto,
1964 3018 2063 3052 rem
2105 3017 2294 3052 omnem
2334 3018 2364 3051 a

102 3075 269 3137 primis
320 3077 470 3122 initiis
520 3076 710 3137 repetiit
763 3076 809 3121 in
861 3074 990 3121 hunc
1035 3075 1133 3123 fere
1182 3074 1392 3123 modum.
1468 3075 1787 3138 Prospectum
1835 3082 1929 3136 est,
1983 3077 2231 3125 Duracote
2277 3075 2365 3140 fili,

103 3161 197 3195 non
240 3150 409 3196 ceteris
448 3148 605 3196 solum
644 3149 922 3209 provinciis,
962 3148 1009 3193 in
1051 3162 1172 3209 quas
1212 3151 1404 3208 venisti,
1445 3148 1530 3196 sed
1570 3156 1764 3197 nostrae
1804 3151 1950 3197 etiam
1990 3151 2194 3212 patriae.
2257 3149 2362 3196 Etsi

40 3252 58 3263 .
104 3221 230 3268 enim
269 3234 356 3268 nos
408 3227 577 3281 urgent
628 3221 807 3282 frigora
859 3227 908 3268 et
946 3221 1173 3269 tenebrae
1213 3220 1407 3283 aliaque
1447 3221 1778 3282 incommoda,
1832 3236 1958 3283 quae
1999 3236 2126 3270 nunc
2164 3220 2358 3270 demum

103 3294 287 3351 senti0‚
338 3302 595 3354 postquam
636 3307 694 3340 ex
734 3299 779 3341 te
820 3293 1100 3341 felicitatem
1150 3294 1369 3342 intellexi
1414 3296 1666 3355 regionum
1712 3300 2008 3355 ceterarum,
2058 3301 2110 3343 at
2157 3308 2247 3342 nos
2285 3297 2363 3341 in-

105 3366 261 3427 geniis
301 3361 709 3431 abundamusssss),
750 3367 890 3413 nobis
930 3373 1125 3427 praesto
1164 3373 1277 3414 sunt
1315 3368 1663 3429 sapientissimi
1702 3369 1899 3429 spiritus
1916 3364 2009 3430 3⁴),
2058 3368 2140 3429 qui
2178 3373 2363 3416 tantam

106 3438 264 3486 lucem
303 3440 553 3499 regionum
594 3444 859 3487 ceterarum
901 3441 1252 3500 strepitumque
1290 3438 1540 3487 hominum
1574 3442 1733 3522 perosi
1773 3447 1965 3487 nostras
1988 3446 2226 3503 appetunt
2253 3455 2360 3489 um-

105 3510 215 3559 bras
255 3518 303 3558 et
340 3511 591 3558 nobiscum
638 3510 935 3559 familiariter
983 3517 1344 3559 conversantur.
1421 3511 1544 3559 Sunt
1583 3527 1640 3560 ex
1681 3513 1737 3559 iis
1784 3514 2032 3574 praecipui
2072 3527 2250 3562 novem
2270 3510 2364 3582 ³⁵),

23 3628 50 3650 ,Δ
106 3597 162 3631 ex
204 3584 381 3645 quibus
420 3597 543 3630 unus
561 3579 627 3644 Μ)
667 3582 783 3630 mihi
823 3581 1133 3644 peculiariter
1170 3589 1315 3630 notus
1354 3590 1401 3631 ct
1440 3584 1516 3631 vel
1545 3586 1752 3631 maxime
1794 3587 2006 3632 omnium
2046 3588 2176 3635 mitis
2214 3594 2362 3650 atque

106 3656 332 3704 innoxius
348 3651 412 3720 ³⁷)
454 3655 627 3717 viginti
667 3661 715 3702 et
756 3669 850 3702 uno
892 3654 1249 3703 characteribus
1287 3663 1521 3703 evocatur
1538 3653 1619 3719 3⁸),
1660 3657 1797 3718 cujus
1838 3671 1930 3719 ope
1971 3672 2068 3707 non
2104 3674 2213 3709 raro
2252 3674 2363 3709 mo-

104 3735 265 3777 mento
305 3729 533 3790 temporis
573 3729 619 3773 in
661 3727 782 3774 alias
824 3741 932 3774 oras
952 3721 1046 3787 ³⁹),
1088 3742 1208 3789 quas
1248 3729 1339 3790 ipsi
1380 3727 1560 3789 dixer0‚
1601 3735 1921 3792 transportor,
1959 3738 2047 3779 aut
2083 3734 2124 3780 si
2164 3733 2227 3781 ab
2267 3732 2362 3781 ali-

106 3802 282 3863 quibus
320 3800 678 3863 longinquitate
716 3795 1099 3860 absterreor⁴⁰)‚
1140 3799 1417 3863 quaerendo
1459 3801 1517 3849 de
1559 3803 1617 3849 iis
1656 3809 1842 3851 tautum
1869 3804 2084 3866 profici0,
2126 3814 2361 3868 quantum

31 3896 44 3918 ,ι
105 3873 149 3921 si
184 3888 415 3936 praesens
453 3874 520 3922 ibi
561 3868 835 3933 essem⁴¹):
877 3874 960 3935 qui
998 3871 1231 3936 pleraque
1270 3887 1450 3936 eorum,
1490 3888 1618 3936 quae
1656 3881 1711 3924 tu
1747 3875 1828 3926 vel
1853 3876 2006 3927 oculis
2044 3880 2240 3941 notasti,
2284 3878 2362 3928 vel
