2652 4088
1049 153 1130 208 111.
1161 153 1489 207 Astronomica.
1581 207 1584 209 ,
1617 176 1628 190 ·
2293 140 2397 207 251

146 320 262 358 nem
301 306 506 370 Arietis,
554 306 705 357 Tauri
742 310 832 358 etc.
910 304 1126 369 Quorum
1165 321 1274 356 cum
1312 308 1544 372 pleraque
1593 307 1690 356 sint
1727 302 2025 363 animalium,
2067 319 2162 351 von·
2200 297 2394 359 ζωδιων,

148 381 261 430 hinc
297 382 421 432 adeo
461 381 668 431 circulus
706 383 796 430 iste
833 380 1071 429 zodiacus
1111 380 1300 434 dieitur.
1365 382 1517 430 Porro
1557 380 1634 431 ad·
1658 377 2021 428 similitudinem
2061 374 2206 437 hujus
2234 370 2398 421 circuli

150 454 432 502 dividuntur
470 455 533 503 ab
571 456 862 503 astronomis
902 455 1114 501 omnium
1142 454 1447 516 planetarum
1477 456 1704 503 circuitus
1730 455 1777 499 in
1805 450 2019 507 totidem,
2061 463 2124 498 sc.
2154 452 2256 497 360
2284 458 2399 508 par-

148 532 244 586 teS,
298 528 392 576 boc
428 528 534 575 solo
575 527 875 587 discrimine,
927 527 1057 589 quod
1098 529 1348 589 primarias
1395 535 1557 590 partes
1604 527 1786 574 faciunt
1829 530 1854 572 6
1899 530 1945 572 et
1984 523 2153 570 harum
2193 518 2400 582 singulis

146 601 364 649 tribuunt
403 599 511 651 30⁰.
585 599 826 648 Numerus
875 602 1000 648 enim
1039 602 1258 649 senarius
1297 600 1430 649 solus
1470 601 1709 663 perfectus
1758 604 1856 656 est,
1906 598 2022 659 quia
2060 594 2302 656 colligitur
2341 604 2400 639 ex

150 677 252 722 suis
290 674 510 736 partibus
539 678 586 733 3,
630 679 677 733 2,
722 678 778 735 1;
817 675 887 721 sic
925 675 1267 736 sexagenarius
1306 686 1435 723 unus
1474 674 1636 736 plures
1674 672 1824 720 habet
1859 677 2036 734 parteS‚
2077 682 2221 728 quam
2262 666 2411 728 quis-

151 761 299 810 quam
338 746 464 794 alius
505 748 779 795 centenario
819 749 988 805 minor,
1030 748 1146 809 quia
1179 752 1223 814 1.
1255 752 1319 796 60
1349 768 1411 792 -:..-
1446 752 1492 798 2,
1523 751 1587 795 30
1621 766 1678 786 =
1714 750 1759 793 3.
1790 750 1854 794 20
1889 765 1949 787 :t
1984 748 2029 791 4.
2065 745 2126 789 15
2157 761 2218 784 ---
2253 741 2395 789 5.-12

153 840 215 863 z
258 824 304 868 6.
346 823 426 866 10.
491 818 617 866 Tum
667 826 828 867 autem
879 820 1048 867 horum
1101 822 1339 881 omnium,
1391 834 1564 882 nempe
1607 824 1651 877 6,
1697 823 1777 876 12,
1820 823 1902 878 30,
1946 821 2026 875 60,
2070 817 2200 871 360,
2253 825 2401 860 causa

154 890 396 954 quaedam
447 892 684 939 naturalis
733 899 781 940 et
828 892 1018 940 occulta
1065 899 1168 951 est,
1218 893 1277 942 de
1329 908 1426 954 qua
1465 891 1576 940 vide
1616 906 1722 952 cap.
1767 895 1847 939 10.
1893 894 1972 938 12.
2025 885 2244 950 opusculi
2291 885 2400 932 mei.

160 970 277 1022 [Vol.
308 970 342 1008 Ι.
374 982 416 1022 p.
454 971 550 1010 134.
585 968 702 1024 139.)
771 964 868 1012 Sed
907 965 968 1013 ad
1008 972 1295 1014 structuram
1336 967 1554 1014 theoriae
1591 978 1868 1026 pergamus,
1931 958 2281 1022 Comprehendi
2309 958 2403 1004 cir-

153 1037 261 1084 cino
315 1042 479 1098 partes
523 1040 621 1084 102
672 1042 720 1083 et
766 1052 825 1085 ex
877 1045 1040 1085 centro
1088 1038 1351 1087 universali
1403 1037 1601 1086 tabulae
1652 1037 1894 1098 perfectae
1941 1034 2110 1096 scripsi
2156 1030 2401 1088 circulum,

149 1108 277 1157 ultra
315 1123 461 1172 quem
499 1107 736 1172 quidquid
764 1112 1040 1171 prominuit,
1080 1110 1166 1159 illa
1190 1118 1326 1174 parte
1364 1111 1598 1160 tabellam
1637 1110 1852 1160 diminui.
1912 1106 2157 1156 Residuae
2195 1102 2406 1152 tabellae

148 1181 329 1230 lineam
367 1181 650 1231 alterutram
702 1186 898 1242 notavi,
954 1183 1091 1245 cujus
1145 1199 1256 1246 pars
1304 1187 1522 1247 superior
1561 1197 1669 1231 cum
1715 1184 1855 1230 initio
1897 1181 2074 1228 Arietis
2115 1180 2163 1225 in
2203 1176 2402 1224 zodiaco

154 1254 451 1305 cohaereret.
515 1254 670 1317 Igitur
708 1258 867 1319 posito
905 1270 1133 1304 mucrone
1172 1259 1220 1303 in
1260 1265 1422 1305 centro
1461 1255 1725 1304 universali
1764 1262 1812 1303 et
1848 1254 1976 1302 linea
2001 1257 2172 1299 notata
2209 1249 2269 1298 ad
2309 1250 2404 1294 ini-

158 1329 280 1375 tium
318 1328 500 1376 Arietis
551 1327 798 1390 applicata
843 1343 929 1391 per
974 1329 1215 1391 regulam,
1270 1331 1492 1392 quaesivi
1534 1327 1663 1395 29)ῖο
1698 1327 1772 1388 ,1,
1813 1341 1980 1376 versus
2019 1325 2066 1372 id
2104 1329 2337 1387 punctum
2376 1336 2406 1369 a

155 1409 320 1450 centro
362 1401 626 1448 universali
665 1401 779 1449 duxi
817 1401 1044 1450 lineolam
1070 1409 1265 1452 tenuem
1291 1418 1381 1452 nec
1409 1403 1489 1450 diu
1522 1401 1814 1461 duraturam,
1855 1415 1940 1464 pro
1969 1399 2217 1462 apogaeiS.
2281 1395 2406 1442 Tum

155 1482 322 1522 autem
370 1476 545 1521 circino
593 1473 935 1537 comprehendi
982 1481 1146 1537 partes
1197 1476 1265 1544 δὲ
1303 1475 1510 1539 illasque
1561 1475 1806 1524 dimensus
1846 1491 1875 1522 a,
1914 1480 2075 1522 centro
2127 1466 2404 1524 universali,

155 1562 264 1595 cum
303 1545 458 1595 altero
508 1546 632 1609 pede
683 1556 915 1610 punctum
954 1550 1002 1594 iu
1041 1547 1185 1596 modo
1225 1551 1405 1612 scripta
1453 1549 1635 1598 lineola
1685 1549 1890 1610 signavi.
1969 1546 2042 1593 Ex
2086 1543 2179 1592 hoc
2225 1547 2405 1605 puncto

152 1635 262 1668 cum
309 1619 629 1683 amplitudine
671 1619 776 1690 912}
812 1622 1023 1683 partium
1076 1621 1308 1685 descripsi
1361 1624 1491 1670 viam
1540 1621 1737 1670 Saturni
1786 1619 2080 1669 circularem.
2160 1616 2216 1664 In
2262 1613 2405 1662 modo

153 1692 284 1740 dieta
321 1692 501 1742 lineola
538 1695 731 1755 signavi
769 1702 1000 1757 punctum
1041 1694 1174 1742 aliud
1216 1695 1363 1758 duplo
1390 1711 1420 1743 a
1447 1700 1608 1743 centro
1649 1693 1913 1743 universali
1939 1692 2186 1751 remotiuS,
2227 1703 2293 1736 sc.
2322 1701 2409 1750 per

150 1773 312 1830 partes
354 1765 471 1835 10}
513 1766 626 1814 huic
663 1781 780 1815 vero
820 1775 1001 1829 puncto
1041 1768 1287 1830 applicavi
1313 1782 1588 1817 mucronem
1615 1767 1817 1826 zodiaci,
1857 1766 2085 1814 lineolam
2113 1776 2228 1812 vero
2255 1763 2407 1810 bene-

150 1839 262 1888 ficio
301 1840 499 1901 regulae
538 1840 630 1887 feci
669 1839 907 1902 quadrare
946 1840 1007 1889 ad
1051 1842 1156 1910 51¹&
1184 1844 1265 1906 1η.
1321 1842 1404 1890 Sic
1444 1841 1683 1890 collocato
1723 1838 2158 1899 zodiachineam
2185 1837 2231 1882 in
2261 1834 2405 1882 modo

153 1912 282 1960 dicto
319 1914 563 1960 remotiori
601 1922 782 1974 puncto
822 1913 906 1960 fixi
943 1914 1095 1962 altero
1136 1917 1366 1975 termino,
1418 1914 1571 1963 altero
1610 1928 1726 1963 vero
1766 1914 1829 1962 ad
1868 1927 2035 1962 omnes
2072 1916 2280 1974 punctus
2319 1922 2417 1955 zo·

155 1985 284 2033 diaci
321 1986 591 2048 applicato,
645 1986 910 2034 divisiones
951 1994 999 2035 et
1034 2002 1260 2036 numeros
1314 2002 1480 2036 omnes
1532 2003 1591 2036 ex
1629 1987 1832 2036 zodiaco
1871 1989 1918 2034 in
1957 1987 2064 2034 vias
2110 1983 2406 2047 planetarias

152 2059 392 2118 transtuli,
430 2058 523 2106 hoc
562 2066 721 2107 tamen
763 2059 1051 2119 discrimine,
1093 2060 1223 2123 quod
1249 2075 1335 2124 pro
1364 2062 1489 2109 binis
1528 2062 1679 2123 signis
1716 2062 1883 2109 notavi
1924 2072 2218 2120 sexagenam
2245 2069 2406 2106 unam.

152 2131 277 2179 Nam
304 2146 329 2179 e
353 2133 548 2193 regione
576 2132 683 2180 finis
718 2130 792 2193 ὅ,
823 2129 906 2199 ὓ,
935 2129 1017 2200 ill),
1045 2135 1126 2198 1η,
1154 2137 1227 2198 ,6,
1258 2135 1333 2198 ff,
1361 2135 1504 2197 posui
1529 2147 1754 2183 numeros
1780 2133 2079 2196 majusculos
2114 2136 2156 2192 1.,
2176 2136 2204 2179 2
2226 2169 2233 2179 .
2253 2163 2292 2176 ..
2313 2167 2324 2179 .
2347 2133 2406 2188 6;

155 2206 206 2251 in
242 2204 575 2252 subdivisione
615 2211 778 2253 autem
828 2206 970 2268 posui
1017 2209 1537 2261 continuosnumeros
1577 2221 1732 2269 usque
1781 2205 1844 2255 ad
1885 2211 1949 2255 60
2001 2219 2089 2269 pro
2135 2218 2216 2263 ee,
2276 2199 2407 2264 quod

124 2279 205 2325 -in
242 2277 443 2325 zodiaco
485 2278 829 2326 continuantur
867 2293 1021 2341 usque
1061 2279 1123 2327 ad
1165 2285 1247 2329 30.
1326 2280 1382 2327 In
1423 2281 1539 2329 orbe
1577 2281 1753 2329 Terrae
1793 2285 1986 2338 autem,
2025 2279 2110 2327 ubi
2150 2281 2339 2325 secatur
2377 2289 2408 2323 a

154 2351 284 2399 linea
323 2352 531 2413 apogaei
572 2347 615 2414 Ω
644 2347 704 2417 Q,
745 2353 887 2414 posui
926 2351 1104 2400 lineam
1144 2367 1250 2401 cum
1289 2354 1417 2402 notis
1458 2353 1566 2412 AV,
1609 2353 1726 2417 AM,
1765 2354 1812 2399 in
1855 2354 2080 2415 opposito
2120 2356 2263 2399 notas
2301 2347 2406 2408 PV,

153 2422 265 2483 PM,
305 2424 368 2471 ad
406 2425 774 2486 perigaeitatem
812 2424 1135 2474 indicandam.
1213 2425 1330 2475 Jam
1369 2426 1625 2489 fingendus
1666 2432 1738 2475 est
1777 2426 1862 2474 Sol
1901 2441 1998 2473 non
2038 2424 2232 2487 quidem
2260 2436 2407 2484 prae-

155 2498 252 2545 cise
290 2497 338 2542 in
379 2504 541 2544 centro
580 2497 796 2557 tabulae,
837 2498 922 2546 sed
963 2505 1122 2546 tamen
1162 2514 1257 2547 non
1298 2499 1506 2562 amplius
1545 2501 1695 2562 partis
1735 2501 2026 2548 centesimae
2054 2501 2101 2545 in
2127 2498 2257 2544 linea
2283 2510 2407 2557 apo-

153 2571 264 2632 gaei
303 2569 480 2618 Terrae
518 2570 581 2618 ab
621 2569 704 2617 illo
744 2578 906 2619 centro
946 2572 1211 2620 universali
1249 2579 1475 2625 remotus,
1539 2572 1727 2622 Deinde
1767 2573 1950 2621 confeci
1990 2570 2206 2635 regulam
2241 2584 2270 2617 a
2297 2583 2406 2615 mu-

152 2657 295 2692 crone
334 2642 521 2691 zodiaci
562 2642 623 2691 ad
661 2645 865 2705 primam
905 2644 1142 2705 graduum
1182 2647 1481 2693 notationem
1521 2648 1902 2708 pertingentem,
1944 2660 2070 2707 quae
2110 2644 2171 2692 ad
2212 2654 2405 2691 mucro-

151 2730 261 2764 nem
309 2715 679 2764 adhaeresceret
729 2716 959 2765 volubilis
999 2724 1047 2766 et
1094 2724 1256 2766 tamen
1305 2718 1561 2768 exemtiliS.
1637 2719 1693 2766 In
1735 2734 1793 2767 ea
1838 2719 2007 2781 regula
2059 2718 2185 2780 elegi
2226 2721 2405 2765 certum

151 2787 350 2851 aliquod
387 2795 643 2851 punctum,
685 2789 814 2851 qnod
854 2792 901 2836 in
941 2791 1375 2840 circumvolutione
1415 2798 1605 2840 tantum
1645 2798 1863 2841 maneret
1899 2792 2024 2840 infra
2063 2791 2258 2840 Saturni
2298 2803 2406 2836 am-

154 2863 322 2920 bitum,
365 2868 599 2924 quantum
638 2877 785 2925 supra
824 2862 968 2911 Jovis
1007 2865 1243 2912 ambitum
1284 2867 1539 2928 emineret3
1582 2871 1630 2914 et
1667 2864 1885 2927 regulam
1927 2865 2174 2928 applicavi
2214 2863 2404 2910 dnobus

151 2934 339 2983 zodiaci
388 2937 602 2997 punctis,
653 2935 947 2984 distantibus
986 2938 1194 2986 invicem
1240 2935 1392 3006 153⁰,
1447 2944 1495 2987 et
1533 2940 1580 2985 in
1630 2939 1851 3001 subjecta
1891 2937 2094 3000 planitie
2132 2936 2302 2984 notavi
2341 2933 2403 2981 ad

150 3014 382 3070 punctum
420 3008 618 3070 regulae
659 3008 755 3056 duo
794 3015 991 3071 puncta,
1032 3025 1158 3072 quae
1196 3009 1327 3059 linea
1363 3018 1496 3060 recta
1535 3012 1795 3074 conjunxi,
1837 3026 1944 3059 cum
1985 3011 2089 3073 ejus
2128 3011 2286 3057 lineae
2329 3007 2404 3054 di-

149 3080 299 3129 midio
339 3080 571 3143 descripsi
623 3082 669 3127 in
710 3081 944 3130 laminula
992 3097 1170 3147 cuprea
1208 3084 1439 3132 circulum
1481 3090 1529 3132 et
1566 3098 1651 3146 per
1689 3091 1904 3132 centrum
1947 3084 2061 3131 duxi
2102 3083 2403 3131 diametrum.

151 3151 367 3215 Quarum
405 3155 551 3217 igitur
588 3156 795 3217 partium
835 3155 1192 3206 semidiameter
1230 3155 1321 3204 suit
1363 3155 1453 3225 73,
1497 3171 1661 3205 earum
1701 3159 1910 3219 partium
1953 3156 2018 3225 63}
2060 3152 2404 3218 comprehendi

150 3227 327 3275 circino
366 3232 415 3275 et
453 3241 513 3275 ex
552 3234 715 3276 centro
755 3230 948 3290 signavi
987 3243 1095 3278 cum
1144 3229 1296 3277 altero
1335 3229 1459 3291 pede
1499 3235 1732 3291 punctum
1771 3231 1819 3276 in
1859 3229 2004 3277 ducta
2055 3229 2304 3286 diametro,
2346 3240 2404 3275 ex

152 3312 249 3360 quo
286 3306 466 3361 puncto
503 3314 706 3362 parvum
747 3301 990 3349 circellum
1029 3302 1275 3364 descripsi,
1317 3310 1551 3363 quantum
1579 3301 1850 3364 amplitudo
1889 3302 2087 3364 majoris
2113 3302 2204 3349 fuit
2241 3314 2402 3362 passa.

151 3372 359 3420 Duobus
396 3375 587 3434 punctis
624 3373 865 3435 persoravi
904 3374 1134 3422 laminam
1175 3382 1222 3422 et
1261 3389 1317 3422 ex
1358 3383 1521 3422 centro
1560 3374 1770 3423 laminae
1809 3389 1894 3436 per
1932 3374 2133 3423 alterum
2173 3387 2404 3437 punctum

155 3446 203 3491 in
243 3443 397 3492 altera
434 3444 560 3493 sacis
598 3444 746 3493 alium
787 3447 1015 3496 circulum
1056 3447 1314 3509 descripsi,
1356 3454 1403 3494 et
1442 3448 1578 3494 initio
1618 3447 1747 3495 sacto
1787 3462 1816 3495 a
1854 3454 2035 3511 puncto
2075 3447 2315 3510 perforato
2356 3448 2402 3493 in

153 3516 563 3577 circumferentia,
604 3516 747 3566 divisi
786 3521 1017 3568 circulum
1056 3534 1187 3568 more
1228 3522 1407 3566 usitato
1447 3521 1494 3565 in
1538 3524 1565 3567 6
1608 3533 1637 3566 a
1676 3519 1844 3567 dextra
1882 3519 1943 3567 ad
1984 3522 2251 3580 sinistram,
2293 3520 2403 3567 dein

153 3587 371 3651 singulas
410 3595 571 3651 partes
610 3591 660 3637 in
701 3595 767 3639 60
807 3598 856 3640 et
893 3594 1114 3655 quaesivi
1154 3599 1386 3655 punctum
1427 3597 1539 3654 post
1577 3606 1742 3653 sexag.
1787 3597 1832 3640 3.
1878 3591 1971 3642 23⁰
2003 3596 2102 3643 11¹.
2168 3593 2223 3641 ld
2250 3607 2404 3657 punc-

151 3669 253 3709 tum
307 3661 395 3709 feci
452 3662 639 3708 initium
687 3663 850 3711 circuli
906 3673 954 3713 et
992 3666 1053 3713 ab
1094 3679 1151 3712 eo
1191 3665 1411 3727 inscripsi
1462 3678 1731 3726 sexagenas
1782 3670 1829 3713 et
1875 3665 2110 3727 graduum
2161 3666 2399 3715 denarios

108 3748 109 3751 ¹
152 3734 305 3792 Tum,
359 3732 490 3795 quod
529 3748 675 3797 supra
713 3736 1062 3799 amplissimum
1111 3737 1339 3785 circulum
1382 3737 1650 3795 eminebat,
1691 3739 1901 3797 resecui,
1948 3738 2073 3788 hanc
2121 3739 2401 3789 laminulam

152 3806 243 3856 reci
291 3805 353 3854 ad
393 3805 597 3854 electum
636 3806 831 3869 regulae
871 3819 1100 3872 punctum
1152 3808 1526 3873 adhaerescere,
1574 3808 1659 3858 sed
1710 3816 1871 3858 tamen
1920 3813 2208 3863 exemtilem.
2286 3813 2400 3861 dam

151 3879 369 3928 tabulam
410 3893 611 3929 aeneam
650 3881 775 3930 intra
812 3881 1064 3932 zodiacum
1107 3884 1174 3930 ita
1215 3882 1306 3931 seci
1347 3881 1591 3944 mobilem,
1634 3889 1686 3931 ut
1726 3890 1773 3934 et
1811 3898 1975 3935 mucro
2000 3886 2189 3938 zodiaci
2213 3901 2401 3952 semper
