2652 4088
529 171 719 219 Joannis
750 173 935 231 Kepleri
965 174 1123 222 Notae>
1144 173 1201 220 ad
1239 173 1545 233 Appendicem
1581 173 2024 235 Selenographicam.
2336 172 2405 232 75

160 319 276 366 enim
307 335 446 367 unum
476 335 533 367 ex
563 322 820 381 praecipuis
850 322 1125 380 praeceptis,
1170 322 1337 381 quippe
1369 323 1503 368 etiam
1533 320 1820 380 praecipuam
1854 321 2014 367 attinet
2043 324 2220 379 partem
2251 333 2408 380 opera-

155 399 269 443 rum,
301 389 569 444 praesertim
598 389 645 434 in
674 389 976 435 fundamentis
1010 389 1351 441 oencinnandisae

327 452 396 498 29.
427 454 654 500 Palustria
691 455 739 500 in
770 455 902 499 Luna
946 454 1186 500 habuimus
1227 468 1309 512 per
1345 452 1516 499 xxm.
1579 453 1737 498 Cetera
1774 452 1911 509 igitur
1948 453 2006 497 ad
2047 450 2408 498 concludendum

154 517 414 573 suppeditat
444 528 600 565 nostra
632 520 931 578 agricultura3
981 525 1031 563 ut
1062 520 1235 565 scilicet
1275 520 1312 564 si
1344 532 1494 564 aream
1527 518 1775 575 palustrem
1805 518 1929 562 fossa
1965 517 2191 575 profunda
2221 516 2407 562 circum-

153 581 247 637 des,
277 583 439 629 humor
470 592 515 630 et
545 589 602 632 ab
632 593 760 632 extra
791 591 837 631 et
866 588 922 631 ab
954 598 1058 630 area
1091 587 1416 642 comprehensa
1445 586 1492 630 in
1525 598 1622 629 eam
1655 583 1838 629 defluat.

328 649 397 694 30.
433 650 484 694 Id
518 651 555 696 si
587 665 677 696 non
708 651 931 708 profunde
964 652 1072 696 satis
1098 665 1153 696 ex
1176 665 1301 710 area,
1331 653 1522 698 materia
1555 665 1610 696 ex
1642 650 1765 694 fossa
1795 650 1840 693 in
1873 663 1970 696 eam
2002 649 2171 705 iniecta
2193 649 2410 707 cespitem

151 711 359 758 altiorem
389 713 526 760 faciet
556 722 602 761 et
631 718 688 762 ab
720 716 1191 773 humoris‚superficie
1220 719 1453 764 intactum.
2375 737 2380 739 ·

326 780 400 826 31.
435 781 484 825 In
514 782 582 838 iis,
615 795 731 840 quae
762 795 862 826 cum
892 782 1067 827 ratione
1100 782 1490 838 administrantur,
1524 781 1636 826 nihil
1668 780 1784 825 solet
1813 779 1913 825 fieri
1942 779 2260 825 frustraneum.
2321 779 2409 826 Hic

153 849 224 888 est
253 844 380 890 fossa
409 844 527 891 facta
558 862 584 892 a
616 845 831 892 creaturis
853 847 1165 902 rationalibus,
1198 854 1248 891 ut
1280 854 1350 892 est
1380 848 1424 891 in
1455 847 1699 904 hypothesi
1722 845 1954 903 epistolae,
1986 846 2257 905 recipiendis
2281 845 2407 903 aquis

152 909 336 966 idonea,
377 923 519 967 eaque
557 912 806 958 circularis.
864 913 928 956 Et
957 911 1029 958 cui
1059 912 1179 957 bono
1211 925 1356 970 aquae
1388 911 1554 956 circulo
1588 910 1941 968 circumductae,
1983 911 2070 955 nisi
2107 911 2165 955 ad
2196 910 2407 967 navigan-

159 975 263 1020 dum
291 975 337 1020 in
367 975 454 1022 iis?

326 1042 395 1088 32.
428 1043 529 1087 Diei
559 1042 875 1089 ferventissimi
906 1044 1143 1101 prolixitas
1182 1045 1316 1089 fidem
1347 1043 1456 1088 facit
1488 1042 1803 1087 exsiccationis
1841 1041 2079 1085 humorum
2110 1055 2225 1098 pene
2257 1042 2406 1097 quoti-

153 1105 327 1152 dianae.
388 1109 438 1152 In
471 1110 591 1154 hunc
620 1109 757 1167 igitur
789 1115 998 1153 eventum
1029 1110 1150 1154 fossa
1183 1110 1320 1155 alium
1348 1123 1478 1154 usum
1509 1108 1662 1160 habet,
1695 1106 2070 1151 deambulationis
2101 1107 2146 1150 in
2169 1107 2406 1163 profundo.

322 1173 387 1219 33.
424 1174 812 1220 Deambulationis
850 1172 953 1219 finis
984 1175 1282 1232 refrigeratio.
1342 1175 1446 1219 Non
1478 1186 1588 1218 sane
1629 1172 1752 1217 nuda
1789 1171 2009 1216 recreatio
2047 1175 2127 1216 aut
2164 1171 2310 1228 ludus,
2342 1173 2407 1216 ni-

150 1237 239 1282 mio
270 1251 434 1295 magna
465 1246 572 1285 sunt
600 1241 714 1286 baec
745 1253 897 1296 opera,
929 1241 1048 1296 quod
1081 1254 1221 1298 genus
1255 1240 1544 1296 conjecturae
1577 1251 1715 1294 supra
1744 1238 1860 1281 inter
1881 1237 2109 1281 axiomata
2139 1237 2404 1296 recepimus,

150 1303 229 1348 sed
261 1317 435 1351 summa
463 1307 724 1362 necessitaS,
757 1307 915 1351 umbra
944 1307 1051 1352 valli
1079 1307 1124 1351 in
1156 1307 1381 1364 profundo
1413 1318 1463 1350 se
1491 1305 1607 1350 tueri
1639 1318 1665 1348 a
1695 1303 1909 1348 violentia
1943 1303 2073 1347 Solis.
2135 1302 2287 1358 thue
2317 1305 2407 1348 hoc

150 1381 328 1426 semper
356 1372 546 1428 possint,
577 1371 784 1417 circulari
816 1372 941 1418 fossa
975 1387 1088 1430 opus
1121 1378 1191 1417 est
1220 1380 1264 1417 et
1295 1373 1543 1418 mutatione
1572 1371 1683 1426 loci,
1717 1371 1782 1416 uti
1815 1369 1890 1413 Sol
1923 1383 2103 1427 quoque
2133 1376 2297 1428 mutat3
2330 1384 2403 1417 ea-

150 1447 240 1491 que
269 1435 343 1481 vel
371 1439 624 1495 navigando
657 1439 769 1483 citra
798 1437 1012 1486 laborem,
1045 1437 1114 1484 vel
1146 1438 1307 1495 majori
1342 1451 1441 1482 cum
1472 1436 1680 1481 molestia
1710 1436 1911 1492 pedestri
1940 1436 2115 1483 itinere.

320 1503 390 1547 34.
425 1503 540 1560 Quia
570 1505 647 1561 qui
677 1505 722 1548 in
753 1502 878 1547 fossa
908 1507 1027 1559 sunt,
1059 1503 1091 1547 ii
1122 1504 1283 1548 collem
1314 1503 1485 1548 habent
1516 1503 1573 1547 ab
1606 1515 1696 1546 una
1716 1502 1865 1559 plaga,
1897 1502 2168 1548 exteriorem
2198 1514 2406 1557 aggerem

148 1566 203 1610 ab
234 1566 391 1615 altera.
452 1568 499 1614 Si
530 1583 637 1626 ergo
671 1570 748 1614 Sol
779 1574 849 1614 est
878 1569 923 1614 in
953 1570 1088 1627 plaga
1119 1571 1294 1628 aggeris
1327 1569 1585 1626 exterioris,
1631 1582 1770 1627 agger
1811 1568 1885 1613 hic
1922 1568 2034 1626 ipsis
2075 1569 2281 1613 umbram
2325 1569 2407 1614 mi-

150 1631 324 1679 nistrat.

322 1701 392 1746 35.
425 1701 503 1746 Sin
533 1702 587 1745 iis
620 1702 688 1747 vel
722 1714 876 1746 eorum
909 1700 1146 1746 contrariis
1180 1700 1255 1747 Sol
1289 1706 1358 1747 est
1387 1702 1432 1745 in
1462 1702 1599 1758 plaga
1633 1700 1774 1758 collis,
1810 1700 1886 1758 qui
1918 1705 2025 1746 sunt
2056 1700 2100 1744 in
2131 1700 2270 1757 fossa,
2305 1707 2411 1758 post

149 1763 308 1809 collem
340 1779 421 1811 seu
452 1780 660 1824 aggerem
690 1767 948 1812 interiorem
980 1780 1080 1812 sese
1113 1768 1285 1814 abdunt
1315 1770 1361 1813 in
1394 1769 1611 1813 umbram.

320 1834 387 1878 36.
423 1834 505 1878 His
538 1834 667 1882 enim,
701 1834 777 1890 qui
807 1834 852 1877 in
885 1833 1012 1878 collis
1045 1839 1234 1889 cratere,
1273 1848 1411 1891 agger
1442 1833 1638 1878 exterior
1669 1832 1840 1877 nullam
1861 1838 2066 1890 praestat
2095 1833 2312 1891 umbram,
2343 1833 2408 1879 in-

150 1897 290 1942 terior
312 1905 527 1956 praestat,
561 1906 606 1944 et
635 1900 723 1946 hoc
753 1903 850 1946 sine
880 1899 1160 1956 fatigatione,
1195 1901 1302 1959 quia
1324 1906 1545 1958 angustus
1569 1905 1638 1944 est
1669 1899 1795 1943 locus
1826 1899 1871 1943 in
1892 1899 2119 1956 profundo
2154 1899 2273 1945 circa
2306 1913 2406 1945 cen-

147 1968 285 2018 trum,
317 1964 531 2021 brevique
562 1966 721 2010 itinere
752 1972 989 2010 transeunt
1020 1979 1047 2010 a
1076 1965 1187 2010 locis
1221 1966 1325 2011 Sole
1366 1967 1499 2011 tostis
1531 1966 1588 2010 ad
1619 1965 1853 2021 umbrosa3
1895 1971 1974 2009 aut
2003 1965 2041 2009 si
2072 1979 2210 2021 agger
2240 1966 2287 2011 in
2319 1966 2407 2010 diei

146 2028 308 2084 medio,
343 2030 447 2075 Sole
479 2031 719 2076 verticibus
749 2031 1048 2085 incumbente,
1081 2030 1283 2075 umbram
1315 2046 1409 2077 non
1439 2031 1560 2087 facit,
1595 2036 1948 2079 consentaneum
1981 2035 2069 2085 est,
2102 2044 2263 2087 specus
2295 2032 2406 2089 ipsis

150 2108 265 2152 esse,
297 2097 345 2140 in
376 2109 585 2152 aggerem
617 2097 830 2142 acclivem
861 2098 1087 2152 reductos,
1119 2098 1164 2141 in
1197 2097 1361 2154 quibus
1391 2098 1623 2142 latitantes
1657 2095 1805 2141 Solem
1836 2097 2131 2141 meridianum
2164 2097 2406 2143 declinent.

322 2162 395 2207 Sic
426 2163 579 2220 itaque
601 2163 908 2208 demonstrata
929 2169 1039 2218 puto
1065 2163 1225 2220 omnia,
1260 2176 1376 2219 quae
1398 2169 1502 2208 sunt
1525 2163 1571 2206 in
1604 2161 1808 2219 epistola,
1842 2170 1893 2207 ut
1923 2163 2108 2219 promisi
2140 2163 2196 2208 ad
2229 2164 2407 2209 literam

148 2226 230 2284 373
261 2226 398 2283 idque
428 2242 511 2285 per
541 2229 802 2274 varietatem
833 2231 1108 2274 axiomatum
1140 2229 1458 2287 complurium,
1494 2236 1545 2274 ut
1575 2241 1697 2272 num.
1730 2228 1803 2273 38.
1865 2228 1983 2273 Satis
2016 2233 2062 2273 et
2092 2228 2147 2273 de
2178 2229 2265 2275 hac
2296 2230 2405 2287 Epi-

146 2291 287 2345 stola,
326 2292 454 2349 cujus
498 2295 801 2352 exscriptione
843 2293 1048 2340 libellum
1088 2295 1208 2340 hunc
1238 2309 1387 2340 meum
1417 2294 1579 2341 claudo
1591 2326 1603 2350 ‚
1647 2293 1817 2340 lectore
1847 2295 1905 2340 ad
1937 2301 2200 2352 sequentem
2239 2297 2404 2342 vetusti

149 2358 392 2416 Scriptoris
422 2359 621 2406 libellum
651 2360 1015 2420 cognoscendum
1045 2362 1328 2408 transmisso.

1181 2479 1356 2525 Finis.
