2652 4088
923 142 983 189 11.
1015 143 1245 191 Historica
1273 148 1319 190 et
1349 143 1641 201 Philologica.
2299 143 2407 199 223

158 293 274 342 ditis
315 295 415 344 483
458 292 520 342 ad
563 298 697 344 1497
751 292 912 357 prodit
953 299 1090 344 1980
1129 295 1464 355 EusebianuS‚
1515 294 1598 357 qui
1650 290 1881 342 coincidit
1931 307 2039 343 cum
2093 294 2140 342 9.
2187 290 2406 343 Juliano.

155 368 218 415 Et
254 367 348 416 hoc
386 381 511 416 anno
553 372 600 416 9.
639 366 838 416 Juliano
879 382 937 416 ex
976 370 1255 417 testimonio
1294 367 1501 430 Josephi
1541 381 1712 415 caesus
1753 372 1827 415 est
1865 366 2156 429 Antigonus,
2197 366 2406 414 christo-

156 455 261 488 rum
300 441 354 504 (i.
382 455 424 491 e.
454 456 511 489 ex
551 441 750 489 Eusebii
788 442 1030 494 sententia
1069 441 1442 490 sacerdotalium
1481 455 1647 502 regum
1674 454 1762 488 seu
1787 438 2250 503 Macchabaeorum)
2291 438 2408 488 ulti-

154 528 279 561 mus.
343 514 582 561 Eusebius
617 515 763 576 igitur
800 517 994 562 omnino
1032 514 1095 562 ad
1133 529 1313 563 annum
1355 519 1401 566 9.
1440 513 1692 562 Julianum
1745 512 1836 560 hoc
1886 513 2064 576 duplici
2120 519 2407 575 argumento

156 587 329 649 (primo
381 587 445 634 ab
484 588 622 634 annis
663 591 762 636 483
804 587 1050 646 Danielis,
1108 589 1259 635 altero
1299 603 1328 636 a
1366 588 1644 635 testimonio
1683 585 1914 647 Josephi)
1970 586 2126 634 voluit
2162 600 2406 648 apponere

156 661 346 707 initium
385 661 519 720 regni
557 659 782 707 Herodis.
858 660 1062 708 Accedit
1100 663 1317 719 tertium,
1367 660 1496 722 quod
1537 660 1761 722 exprimit
1798 659 2040 708 Eusebius
2083 657 2279 722 Olymp.
2322 663 2407 720 86,

156 747 282 795 quae
321 732 565 780 celebrata
603 741 676 780 est
714 731 916 781 Juliano
947 739 1027 794 10,
1069 748 1156 796 pro
1196 735 1398 781 termino
1438 747 1671 780 annornm
1714 736 1830 780 483.
1895 731 2075 780 Notum
2116 739 2189 780 est
2228 739 2407 793 autem,

156 806 235 854 vel
274 812 507 853 autumno
547 813 661 854 ante
707 805 971 867 ludicrum,
1026 821 1092 854 sc.
1137 811 1183 856 9.
1222 805 1441 864 Juliano‚
1485 806 1561 854 vel
1603 805 1833 852 Calendis
1873 804 2097 853 Januarii
2145 808 2408 867 sequentis,

155 877 235 926 vel
277 883 321 925 1.
360 878 512 925 Nisan
552 881 799 939 sequentis
839 881 1047 942 incipere
1088 879 1473 942 quadriennium.
1539 878 1750 926 Eusebio
1789 879 1934 940 igitur
1972 892 2126 926 annus
2170 883 2215 926 9.
2244 877 2409 927 Julia-

153 965 245 998 nus
280 951 371 997 fuit
408 952 455 996 in
495 953 671 1010 animo,
714 954 853 1013 quasi
886 958 928 1000 1.
958 953 1168 1000 Herodis
1197 953 1344 1000 vellet
1383 966 1491 1000 cum
1522 956 1602 998 10.
1630 949 1831 998 Juliano
1873 965 2175 1013 componere.
2220 950 2408 1013 Quodsi

155 1023 463 1084 conjecturae
501 1022 652 1083 locus,
694 1024 906 1073 Eusebio
946 1026 1146 1088 puerilis
1186 1039 1335 1073 causa
1372 1026 1460 1072 fuit
1499 1022 1703 1072 errandi.
1768 1023 1914 1084 (Nam
1955 1016 2165 1086 abipso
2194 1024 2406 1073 Eusebio

153 1096 349 1145 fluxisse
388 1110 619 1157 errorem,
673 1103 878 1144 testatur
918 1101 1072 1147 versio
1116 1098 1428 1161 Hieronymi,
1485 1111 1609 1159 quae
1650 1095 1818 1144 eadem
1859 1095 2006 1144 habet
2057 1097 2231 1145 iisdem
2271 1099 2409 1146 annis

153 1170 326 1217 eodem
364 1183 519 1218 errore
559 1172 894 1231 transposita.)
959 1170 1080 1219 Cum
1122 1173 1245 1218 enim
1287 1171 1527 1219 Eusebius
1566 1169 1628 1217 ad
1668 1183 1808 1217 suum
1847 1183 2098 1217 numerum
2141 1172 2273 1218 1497
2318 1170 2410 1218 ad-

155 1242 360 1290 didisset
399 1245 520 1302 483,
563 1244 645 1304 qui
685 1247 967 1291 terminatur
1005 1247 1051 1290 in
1094 1248 1178 1302 83,
1217 1243 1395 1306 prodiit
1436 1244 1505 1290 illi
1545 1257 1772 1291 numerus
1805 1246 1957 1302 1980,
2001 1244 2083 1304 qui
2123 1245 2408 1291 terminatur

155 1318 203 1362 in
246 1321 329 1364 80.
407 1315 473 1362 At
513 1329 631 1364 vero
673 1318 776 1378 ipse
815 1316 1019 1365 haerens
1059 1319 1220 1365 animo
1260 1319 1305 1362 in
1345 1331 1544 1364 numero
1584 1317 1813 1378 temporis
1854 1317 2105 1378 intercepti
2147 1317 2266 1377 483,
2307 1332 2404 1378 pu-

151 1389 288 1436 tabat
328 1390 474 1437 etiam
525 1388 653 1436 bunc
699 1403 840 1436 suum
878 1404 1129 1439 numerum
1181 1390 1354 1438 debere
1407 1390 1752 1441 terminari‚in
1795 1392 1877 1449 83,
1919 1391 2084 1450 itaque
2135 1403 2223 1451 pro
2269 1395 2405 1438 1980

153 1461 302 1524 elegit
346 1462 504 1522 1983,
558 1469 705 1524 atque
745 1464 813 1510 ita
852 1478 959 1511 cum
1003 1468 1163 1523 1984,
1221 1465 1301 1524 qui
1352 1469 1425 1511 est
1463 1462 1691 1511 Julianus
1737 1467 1828 1520 13,
1880 1464 2154 1524 composuit
2202 1464 2408 1525 primum

154 1533 381 1583 Herodis.
456 1535 631 1597 ltaque
671 1549 767 1583 non
806 1537 931 1585 male
972 1537 1167 1599 conjicit
1205 1535 1469 1599 Lydiatus,
1521 1538 1568 1582 in
1619 1535 1716 1583 alia
1763 1534 1871 1582 loca
1911 1537 1957 1581 in
2001 1535 2409 1585 demonstratione

152 1615 200 1656 et
239 1610 610 1671 praeparatione
635 1609 949 1671 'Evangelica
989 1626 1047 1659 ex
1088 1611 1179 1658 boc
1219 1609 1431 1657 chronici
1469 1609 1577 1657 loco
1618 1610 1935 1656 mutationem
1974 1608 2286 1659 redundasse.

325 1680 469 1743 Quod
494 1680 777 1745 Hyrcanum
803 1686 990 1743 attinet,
1031 1698 1126 1730 non
1156 1682 1498 1731 animadvertit
1529 1682 1782 1746 Lydiatus,
1825 1681 1929 1743 ejus
1968 1684 2263 1731 mentionem
2304 1697 2408 1732 scr-

153 1756 255 1803 vire
300 1757 551 1818 proposito
603 1755 826 1816 Eusebii,
893 1759 1117 1819 quamvis
1169 1771 1252 1819 per
1303 1770 1457 1804 annos
1511 1755 1727 1820 Hyrcani
1780 1757 1903 1803 ratio
1944 1770 2039 1804 non
2089 1755 2406 1805 subducatur.

150 1821 390 1890 Loquitur
429 1829 488 1876 de
527 1828 717 1876 christis
754 1829 973 1891 regibuS,
1014 1830 1063 1877 id
1103 1836 1176 1878 est
1214 1828 1564 1889 sacerdotibuS,
1606 1831 1689 1891 qui
1727 1837 2012 1890 regnarunt,
2068 1828 2224 1892 deque
2262 1829 2408 1893 hujus

150 1902 286 1960 regni
322 1901 431 1950 fine.
506 1899 622 1949 Jam
649 1899 908 1969 Hyrcanus
949 1910 998 1951 et
1035 1902 1261 1951 sacerdos
1299 1909 1347 1951 et
1383 1917 1468 1951 rex
1506 1903 1609 1963 fuit,
1652 1903 1732 1964 qui
1772 1901 1885 1950 licet
1924 1904 2147 1964 captivus
2189 1903 2407 1952 abduce-

151 1983 333 2023 retura
357 1973 567 2034 Parthis,
610 1976 883 2038 Antigonus
921 1982 1084 2025 tamen
1123 1983 1170 2025 et
1209 1978 1313 2039 ipse
1351 1975 1578 2025 sacerdos
1617 1989 1819 2038 regnum
1858 1975 2037 2024 invasit
2064 1977 2206 2038 eique
2233 1991 2405 2027 aemu-

152 2046 228 2096 lus
267 2047 503 2109 Herodes,
544 2063 627 2097 rex
665 2063 695 2096 a
733 2055 904 2097 senatu
934 2085 1111 2102 .....
1122 2063 1127 2069 ’

701 2124 802 2181 (Hic
832 2123 942 2169 folia
971 2125 1144 2181 aliquot
1174 2124 1467 2181 manuscripti
1499 2123 1842 2182 desiderantur.)

151 2228 332 2242 .....
359 2213 439 2243 και
474 2198 689 2258 σχεδοντι
725 2197 928 2258 πλησιον
966 2196 1055 2245 εἰσι
1093 2214 1180 2245 του
1217 2193 1292 2244 ἐπι
1323 2189 1566 2256 Ῥωμαιοις
1615 2213 1810 2259 ποιησαι
1846 2213 1930 2258 την
1977 2212 2234 2255 συμπασαν
2269 2191 2406 2255 ἐξου-

150 2283 270 2315 σιατ.
343 2266 401 2315 Id
443 2270 609 2330 utique
649 2269 764 2316 vivo
803 2268 1051 2330 Augusto,
1092 2283 1204 2316 nam
1243 2269 1407 2331 primis
1447 2268 1629 2316 Tiberii
1669 2269 1808 2316 annis
1848 2269 1909 2316 ob
1949 2268 1997 2315 id
2036 2272 2193 2331 ipsum
2233 2267 2406 2318 Vono-

145 2353 254 2387 nem
293 2354 442 2402 regno
484 2342 752 2403 ejecerunt,
806 2341 937 2404 quod
983 2342 1119 2389 illum
1160 2341 1384 2389 Caesaris
1433 2343 1727 2404 mancipium
1767 2340 2002 2402 dicerent,
2057 2341 2188 2404 quod
2228 2341 2406 2390 solium

151 2412 493 2461 Arsacidarum
533 2417 655 2463 inter
693 2417 971 2477 provincias
1010 2415 1258 2463 Romanas
1309 2414 1478 2463 haberi
1531 2414 1729 2477 darique
1781 2414 2014 2466 dolerent.
2090 2415 2221 2462 Huic
2259 2416 2404 2464 etiam

149 2489 354 2550 tempori
396 2491 625 2537 convenit
663 2487 849 2551 reliqua
888 2489 1141 2537 Strabonis
1181 2489 1362 2548 orati0,
1404 2503 1550 2550 quam
1588 2488 1827 2552 Lydiatus
1866 2487 2062 2551 allegat.
2139 2487 2318 2537 Pacem
2358 2496 2405 2538 et

148 2561 518 2622 prosperitatem
557 2561 730 2610 Italiae
769 2568 818 2610 et
860 2561 1107 2624 Augustus
1146 2563 1414 2624 praestitit,
1472 2576 1532 2610 ex
1571 2576 1667 2623 quo
1707 2561 1903 2625 plenum
1943 2568 1991 2610 et
2028 2575 2211 2610 merum
2250 2563 2408 2626 impc-

149 2635 271 2681 rium
310 2636 497 2697 accepit
546 2642 596 2683 et
643 2649 772 2684 nunc
809 2636 968 2698 ipsum
1007 2643 1296 2698 excepturus
1334 2642 1549 2698 praestat
1587 2635 1811 2684 Tiberius
1859 2634 1989 2683 filius
2036 2641 2146 2697 (pro
2185 2634 2405 2695 διαδεξα-

150 2725 286 2768 μενος
309 2706 417 2770 lego
445 2707 794 2770 διαδεξομενος,
835 2710 927 2756 nisi
968 2708 1027 2757 de
1057 2710 1337 2757 tribunitiae
1377 2710 1633 2771 potcstatis
1672 2710 1914 2757 consortio
1952 2708 2198 2771 loquatur.
2258 2708 2407 2757 Taci-
2492 2709 2498 2718 '

150 2787 254 2828 tus:
304 2779 435 2829 filius
485 2780 675 2844 collega
722 2783 911 2845 imperii
963 2783 1241 2831 tribunitiae
1280 2783 1536 2845 potestatis
1591 2796 1787 2831 consors
1837 2781 2145 2844 adsumitur),
2186 2795 2404 2830 normam

149 2854 515 2917 gubernationis
563 2854 998 2918 mandatorumque
1049 2857 1315 2906 observans
1363 2856 1499 2905 illum
1539 2854 1764 2922 (patrem)
1812 2857 2068 2919 ipsumque
2119 2853 2403 2922 (Tiberium)

148 2926 235 2974 filii
271 2927 377 2990 ejus
406 2927 724 2978 Germanicus
751 2929 1059 2993 (adoptivus)
1099 2936 1147 2979 et
1174 2930 1361 2978 Drusus
1389 2926 1662 2995 (naturalis)
1701 2930 2029 2979 ministrantes
2068 2930 2208 2991 patri.
2267 2928 2405 2978 Haec

151 3002 312 3049 omnia
348 3004 609 3065 superstite
648 3001 872 3066 Augusto
912 3003 1074 3051 locum
1112 3003 1309 3063 habent,
1350 3018 1446 3051 non
1487 3017 1603 3053 vero
1643 3010 1848 3051 mortuo.
1925 3002 2048 3051 Nam
2088 3001 2405 3050 Germanicus

151 3073 413 3137 adoptivus
453 3076 613 3124 Druso
652 3075 861 3124 naturali
899 3078 1210 3140 praeponitur
1249 3082 1472 3138 respectu
1513 3075 1748 3137 Augusti,
1802 3078 1843 3124 ei
1885 3090 1999 3123 cura
2037 3075 2176 3138 Reip.
2216 3075 2404 3123 adscri-

148 3147 278 3195 bitur
310 3147 452 3210 juxta
488 3156 674 3212 patrem
715 3157 763 3198 et
801 3164 975 3210 avum,
1029 3151 1110 3211 qui
1148 3155 1260 3212 post
1297 3163 1482 3211 paucos
1532 3163 1685 3197 annos
1728 3154 1756 3198 8
1799 3148 2074 3210 legionibus
2112 3150 2402 3211 germanicis

143 3221 415 3283 praefectus
460 3222 617 3271 Roma
665 3223 821 3270 abfuit
871 3222 934 3270 ad
986 3229 1189 3271 mortem
1241 3236 1395 3284 usquo
1446 3222 1681 3284 Augusti,
1738 3221 2084 3283 Tiberiumque
2132 3222 2397 3270 sollicitum

151 3292 211 3341 de
250 3295 454 3357 imperio
493 3298 650 3344 tenuit
687 3294 1021 3356 magnitudine
1061 3310 1166 3355 sua,
1207 3295 1330 3343 adeo
1371 3294 1580 3356 quidem,
1622 3300 1676 3342 ut
1713 3308 1809 3342 non
1849 3296 2116 3356 quiesceret
2153 3296 2287 3357 prius
2314 3294 2402 3342 Ti-

150 3366 329 3426 berius,
369 3381 515 3429 quam
554 3367 690 3415 illum
730 3369 1025 3416 abstractum
1058 3384 1088 3417 a
1115 3368 1389 3429 legionibus
1428 3369 1582 3430 primo
1623 3369 1669 3414 in
1711 3368 1944 3415 orientem
1983 3369 2194 3416 mitteret
2232 3367 2401 3430 procul

149 3452 182 3488 a
216 3438 389 3500 Roma,
429 3439 637 3502 denique
675 3440 867 3488 Pisonis
907 3454 1055 3503 opera
1093 3442 1434 3502 exstingueret.
1516 3440 1639 3488 Ecce
1680 3439 1846 3501 quanti
1886 3441 2025 3502 pretii
2065 3446 2402 3503 argumentum

148 3512 228 3572 sit,
268 3526 365 3574 quo
405 3514 611 3574 probare
649 3513 743 3561 sibi
785 3514 920 3561 visus
960 3519 1032 3562 cst
1071 3512 1333 3576 Lydiatus,
1386 3510 1569 3560 Jubam
1611 3518 1852 3560 mortuum
1893 3527 2020 3561 anno
2061 3513 2274 3563 secundo
2313 3514 2402 3562 Ti-

149 3585 285 3644 berii,
325 3587 406 3647 qui
444 3587 702 3648 superstite
743 3585 966 3648 Augusto
1007 3599 1335 3635 successorem
1375 3584 1547 3634 habuit
1584 3585 1936 3648 Ptolemaeum,
1975 3601 2116 3636 suum
2155 3601 2214 3637 ex
2253 3586 2401 3637 Cleo·

146 3663 289 3721 patra
324 3657 494 3707 fllium.

323 3729 461 3792 Quae
499 3728 738 3794 Lydiatus
775 3744 833 3779 ex
874 3735 921 3779 4.
962 3728 1215 3779 Strabonis
1263 3728 1461 3778 adducit
1508 3745 1594 3794 pro
1634 3731 1996 3782 confirmatione
2045 3745 2162 3782 suae
2201 3739 2399 3782 senten-

147 3805 261 3867 tiae,
302 3802 452 3853 dubia
490 3804 594 3868 ipse
632 3804 931 3867 pronunciat,
972 3817 1062 3854 nec
1086 3804 1212 3854 male
1241 3804 1451 3867 conjicit,
1492 3809 1716 3868 quartum
1754 3805 1928 3855 librum
1954 3807 2106 3856 serius
2144 3820 2249 3857 esse
2285 3822 2398 3871 per-
