<?xml version="1.0" encoding="UTF-8"?>
<!DOCTYPE html PUBLIC "-//W3C//DTD XHTML 1.0 Transitional//EN"
    "http://www.w3.org/TR/xhtml1/DTD/xhtml1-transitional.dtd">
<html xmlns="http://www.w3.org/1999/xhtml" xml:lang="en" lang="en">
 <head>
  <title>
</title>
<meta http-equiv="Content-Type" content="text/html;charset=utf-8" />
  <meta name='ocr-system' content='tesseract 3.04.00' />
  <meta name='ocr-capabilities' content='ocr_page ocr_carea ocr_par ocr_line ocrx_word'/>
</head>
<body>
  <div class='ocr_page' id='page_1' title='image "./operaomniaedidit81kepluoft_0043.png"; bbox 0 0 2652 4088; ppageno 0'>
   <div class='ocr_carea' id='block_1_1' title="bbox 0 108 2355 203">
    <p class='ocr_par' dir='ltr' id='par_1_1' title="bbox 0 108 2355 203">
     <span class='ocr_line' id='line_1_1' title="bbox 0 108 2355 203; baseline 0.003 -20"><span class='ocrx_word' id='word_1_1' title='bbox 0 126 22 203; x_wconf 49' lang='lat' dir='ltr'><em>Q</em></span> <span class='ocrx_word' id='word_1_2' title='bbox 136 108 138 113; x_wconf 64' lang='grc'><strong>’</strong></span> <span class='ocrx_word' id='word_1_3' title='bbox 701 143 885 189; x_wconf 75' lang='lat' dir='ltr'><strong>Literae</strong></span> <span class='ocrx_word' id='word_1_4' title='bbox 915 141 1219 188; x_wconf 75' lang='lat' dir='ltr'><strong>defflealoriae</strong></span> <span class='ocrx_word' id='word_1_5' title='bbox 1249 139 1468 186; x_wconf 73' lang='lat' dir='ltr'><strong>Ludoviei</strong></span> <span class='ocrx_word' id='word_1_6' title='bbox 1496 138 1729 198; x_wconf 82' lang='lat' dir='ltr'><strong>Keppleri.</strong></span> <span class='ocrx_word' id='word_1_7' title='bbox 2286 142 2355 197; x_wconf 81' lang='lat'><strong>29</strong></span> 
     </span>
    </p>
   </div>
   <div class='ocr_carea' id='block_1_2' title="bbox 0 288 2362 1301">
    <p class='ocr_par' dir='ltr' id='par_1_2' title="bbox 0 288 2362 1301">
     <span class='ocr_line' id='line_1_2' title="bbox 18 288 2354 355; baseline -0 -15"><span class='ocrx_word' id='word_1_8' title='bbox 18 301 32 334; x_wconf 66' lang='grc' dir='ltr'><em>Γ</em></span> <span class='ocrx_word' id='word_1_9' title='bbox 97 305 322 342; x_wconf 83' lang='lat' dir='ltr'><strong>recusare</strong></span> <span class='ocrx_word' id='word_1_10' title='bbox 366 305 464 341; x_wconf 89' lang='lat' dir='ltr'><strong>non</strong></span> <span class='ocrx_word' id='word_1_11' title='bbox 513 293 679 355; x_wconf 89' lang='lat' dir='ltr'><strong>potui,</strong></span> <span class='ocrx_word' id='word_1_12' title='bbox 731 292 828 340; x_wconf 89' lang='lat' dir='ltr'><strong>imo</strong></span> <span class='ocrx_word' id='word_1_13' title='bbox 875 291 1116 339; x_wconf 83' lang='lat' dir='ltr'><strong>affectavi.</strong></span> <span class='ocrx_word' id='word_1_14' title='bbox 1195 289 1292 340; x_wconf 89' lang='lat' dir='ltr'><strong>Sed</strong></span> <span class='ocrx_word' id='word_1_15' title='bbox 1347 293 1582 352; x_wconf 83' lang='lat' dir='ltr'><strong>patronus</strong></span> <span class='ocrx_word' id='word_1_16' title='bbox 1628 288 1742 337; x_wconf 90' lang='lat' dir='ltr'><strong>huic</strong></span> <span class='ocrx_word' id='word_1_17' title='bbox 1799 290 1932 352; x_wconf 87' lang='lat' dir='ltr'><strong>operi</strong></span> <span class='ocrx_word' id='word_1_18' title='bbox 1989 289 2149 338; x_wconf 88' lang='lat' dir='ltr'><strong>adhue</strong></span> <span class='ocrx_word' id='word_1_19' title='bbox 2206 290 2354 339; x_wconf 80' lang='lat' dir='ltr'><strong>deest.</strong></span> 
     </span>
     <span class='ocr_line' id='line_1_3' title="bbox 101 361 2359 426; baseline -0.001 -12"><span class='ocrx_word' id='word_1_20' title='bbox 101 363 243 414; x_wconf 83' lang='lat' dir='ltr'>Certe</span> <span class='ocrx_word' id='word_1_21' title='bbox 281 366 405 414; x_wconf 88' lang='lat' dir='ltr'><strong>inter</strong></span> <span class='ocrx_word' id='word_1_22' title='bbox 441 364 675 414; x_wconf 89' lang='lat' dir='ltr'><strong>militares</strong></span> <span class='ocrx_word' id='word_1_23' title='bbox 712 379 835 412; x_wconf 92' lang='lat' dir='ltr'><strong>unus</strong></span> <span class='ocrx_word' id='word_1_24' title='bbox 874 366 954 412; x_wconf 82' lang='lat' dir='ltr'><strong>vix</strong></span> <span class='ocrx_word' id='word_1_25' title='bbox 992 365 1279 426; x_wconf 89' lang='lat' dir='ltr'><strong>reperietur,</strong></span> <span class='ocrx_word' id='word_1_26' title='bbox 1333 367 1388 410; x_wconf 91' lang='lat' dir='ltr'><strong>ut</strong></span> <span class='ocrx_word' id='word_1_27' title='bbox 1426 363 1508 424; x_wconf 91' lang='lat' dir='ltr'><strong>qui</strong></span> <span class='ocrx_word' id='word_1_28' title='bbox 1547 375 1719 424; x_wconf 88' lang='lat' dir='ltr'><strong>parum</strong></span> <span class='ocrx_word' id='word_1_29' title='bbox 1764 361 1867 423; x_wconf 90' lang='lat' dir='ltr'><strong>jam</strong></span> <span class='ocrx_word' id='word_1_30' title='bbox 1914 369 2025 410; x_wconf 86' lang='lat' dir='ltr'><strong>sunt</strong></span> <span class='ocrx_word' id='word_1_31' title='bbox 2063 362 2259 411; x_wconf 82' lang='lat' dir='ltr'><strong>solliciti</strong></span> <span class='ocrx_word' id='word_1_32' title='bbox 2300 363 2359 412; x_wconf 91' lang='lat' dir='ltr'><strong>de</strong></span> 
     </span>
     <span class='ocr_line' id='line_1_4' title="bbox 0 408 2358 500; baseline -0 -15"><span class='ocrx_word' id='word_1_33' title='bbox 0 408 22 477; x_wconf 48' lang='lat' dir='ltr'>f</span> <span class='ocrx_word' id='word_1_34' title='bbox 98 436 234 500; x_wconf 87' lang='lat' dir='ltr'><strong>globi</strong></span> <span class='ocrx_word' id='word_1_35' title='bbox 284 436 468 486; x_wconf 87' lang='lat' dir='ltr'><strong>lunaris</strong></span> <span class='ocrx_word' id='word_1_36' title='bbox 518 438 836 497; x_wconf 86' lang='lat' dir='ltr'><strong>astronomia,</strong></span> <span class='ocrx_word' id='word_1_37' title='bbox 899 436 1015 499; x_wconf 90' lang='lat' dir='ltr'><strong>quin</strong></span> <span class='ocrx_word' id='word_1_38' title='bbox 1063 438 1227 499; x_wconf 90' lang='lat' dir='ltr'><strong>potius</strong></span> <span class='ocrx_word' id='word_1_39' title='bbox 1279 436 1642 497; x_wconf 81' lang='lat' dir='ltr'><strong>circumspicere</strong></span> <span class='ocrx_word' id='word_1_40' title='bbox 1696 441 1957 496; x_wconf 85' lang='lat' dir='ltr'><strong>coguntur,</strong></span> <span class='ocrx_word' id='word_1_41' title='bbox 2020 449 2081 483; x_wconf 89' lang='lat' dir='ltr'><strong>ne</strong></span> <span class='ocrx_word' id='word_1_42' title='bbox 2130 449 2160 483; x_wconf 89' lang='lat' dir='ltr'><strong>a</strong></span> <span class='ocrx_word' id='word_1_43' title='bbox 2199 435 2358 497; x_wconf 83' lang='lat' dir='ltr'><strong>globis</strong></span> 
     </span>
     <span class='ocr_line' id='line_1_5' title="bbox 96 505 2358 572; baseline -0 -14"><span class='ocrx_word' id='word_1_44' title='bbox 96 508 414 572; x_wconf 88' lang='lat' dir='ltr'><strong>sclopedariis</strong></span> <span class='ocrx_word' id='word_1_45' title='bbox 456 517 503 559; x_wconf 90' lang='lat' dir='ltr'><strong>et</strong></span> <span class='ocrx_word' id='word_1_46' title='bbox 542 511 860 559; x_wconf 86' lang='lat' dir='ltr'><strong>tormentariis</strong></span> <span class='ocrx_word' id='word_1_47' title='bbox 899 509 1255 558; x_wconf 87' lang='lat' dir='ltr'><strong>contundantur</strong></span> <span class='ocrx_word' id='word_1_48' title='bbox 1300 514 1385 557; x_wconf 91' lang='lat' dir='ltr'><strong>aut</strong></span> <span class='ocrx_word' id='word_1_49' title='bbox 1420 506 1690 555; x_wconf 83' lang='lat' dir='ltr'><strong>laedantur.</strong></span> <span class='ocrx_word' id='word_1_50' title='bbox 1757 505 1916 568; x_wconf 80' lang='lat' dir='ltr'><strong>Quare</strong></span> <span class='ocrx_word' id='word_1_51' title='bbox 1966 507 2231 570; x_wconf 86' lang='lat' dir='ltr'><strong>digniorem</strong></span> <span class='ocrx_word' id='word_1_52' title='bbox 2271 508 2358 570; x_wconf 86' lang='lat' dir='ltr'><strong>Te,</strong></span> 
     </span>
     <span class='ocr_line' id='line_1_6' title="bbox 98 578 2360 648; baseline -0 -18"><span class='ocrx_word' id='word_1_53' title='bbox 98 581 432 632; x_wconf 90' lang='lat' dir='ltr'><strong>Illustrissime</strong></span> <span class='ocrx_word' id='word_1_54' title='bbox 469 583 701 645; x_wconf 88' lang='lat' dir='ltr'><strong>Princeps</strong></span> <span class='ocrx_word' id='word_1_55' title='bbox 716 620 733 648; x_wconf 87' lang='lat'><strong>,</strong></span> <span class='ocrx_word' id='word_1_56' title='bbox 783 582 921 644; x_wconf 88' lang='lat' dir='ltr'><strong>cujus</strong></span> <span class='ocrx_word' id='word_1_57' title='bbox 967 585 1236 645; x_wconf 88' lang='lat' dir='ltr'><strong>patrocinio</strong></span> <span class='ocrx_word' id='word_1_58' title='bbox 1282 582 1376 630; x_wconf 87' lang='lat' dir='ltr'><strong>hoc</strong></span> <span class='ocrx_word' id='word_1_59' title='bbox 1421 578 1706 642; x_wconf 86' lang='lat' dir='ltr'><strong>opusculum</strong></span> <span class='ocrx_word' id='word_1_60' title='bbox 1757 580 1846 627; x_wconf 88' lang='lat' dir='ltr'><strong>frui</strong></span> <span class='ocrx_word' id='word_1_61' title='bbox 1887 583 2064 643; x_wconf 86' lang='lat' dir='ltr'><strong>possit,</strong></span> <span class='ocrx_word' id='word_1_62' title='bbox 2112 580 2244 629; x_wconf 91' lang='lat' dir='ltr'><strong>haud</strong></span> <span class='ocrx_word' id='word_1_63' title='bbox 2283 584 2360 629; x_wconf 89' lang='lat' dir='ltr'><strong>in-</strong></span> 
     </span>
     <span class='ocr_line' id='line_1_7' title="bbox 102 653 2361 719; baseline 0 -16"><span class='ocrx_word' id='word_1_64' title='bbox 102 658 268 705; x_wconf 85' lang='lat' dir='ltr'><strong>venire</strong></span> <span class='ocrx_word' id='word_1_65' title='bbox 313 658 474 719; x_wconf 88' lang='lat' dir='ltr'><strong>potui,</strong></span> <span class='ocrx_word' id='word_1_66' title='bbox 523 663 579 704; x_wconf 88' lang='lat' dir='ltr'><strong>ut</strong></span> <span class='ocrx_word' id='word_1_67' title='bbox 628 658 710 718; x_wconf 90' lang='lat' dir='ltr'><strong>qui</strong></span> <span class='ocrx_word' id='word_1_68' title='bbox 761 656 951 718; x_wconf 88' lang='lat' dir='ltr'><strong>ipsein</strong></span> <span class='ocrx_word' id='word_1_69' title='bbox 1000 655 1161 703; x_wconf 88' lang='lat' dir='ltr'><strong>studio</strong></span> <span class='ocrx_word' id='word_1_70' title='bbox 1215 653 1557 703; x_wconf 86' lang='lat' dir='ltr'><strong>mathematico</strong></span> <span class='ocrx_word' id='word_1_71' title='bbox 1610 667 1661 700; x_wconf 90' lang='lat' dir='ltr'><strong>es</strong></span> <span class='ocrx_word' id='word_1_72' title='bbox 1703 654 2155 714; x_wconf 81' lang='lat' dir='ltr'><strong>exercitatissimus,</strong></span> <span class='ocrx_word' id='word_1_73' title='bbox 2210 657 2294 717; x_wconf 91' lang='lat' dir='ltr'><strong>qui</strong></span> <span class='ocrx_word' id='word_1_74' title='bbox 2331 672 2361 704; x_wconf 85' lang='lat' dir='ltr'><strong>a</strong></span> 
     </span>
     <span class='ocr_line' id='line_1_8' title="bbox 97 725 2361 790; baseline 0 -14"><span class='ocrx_word' id='word_1_75' title='bbox 97 728 255 777; x_wconf 84' lang='lat' dir='ltr'><strong>furore</strong></span> <span class='ocrx_word' id='word_1_76' title='bbox 299 729 474 778; x_wconf 88' lang='lat' dir='ltr'><strong>bellico</strong></span> <span class='ocrx_word' id='word_1_77' title='bbox 517 744 568 778; x_wconf 88' lang='lat' dir='ltr'><strong>es</strong></span> <span class='ocrx_word' id='word_1_78' title='bbox 611 729 964 788; x_wconf 78' lang='lat' dir='ltr'><strong>alienissimuS‚</strong></span> <span class='ocrx_word' id='word_1_79' title='bbox 1025 730 1202 790; x_wconf 84' lang='lat' dir='ltr'><strong>quique</strong></span> <span class='ocrx_word' id='word_1_80' title='bbox 1247 729 1518 790; x_wconf 87' lang='lat' dir='ltr'><strong>patrocinio</strong></span> <span class='ocrx_word' id='word_1_81' title='bbox 1561 732 1644 773; x_wconf 92' lang='lat' dir='ltr'><strong>tuo</strong></span> <span class='ocrx_word' id='word_1_82' title='bbox 1686 725 2073 781; x_wconf 76' lang='lat' dir='ltr'><strong>clementissimo</strong></span> <span class='ocrx_word' id='word_1_83' title='bbox 2112 735 2361 790; x_wconf 87' lang='lat' dir='ltr'><strong>parentem</strong></span> 
     </span>
     <span class='ocr_line' id='line_1_9' title="bbox 99 797 2361 862; baseline 0.001 -14"><span class='ocrx_word' id='word_1_84' title='bbox 99 808 341 860; x_wconf 89' lang='lat' dir='ltr'><strong>nostrum,</strong></span> <span class='ocrx_word' id='word_1_85' title='bbox 393 801 508 850; x_wconf 87' lang='lat' dir='ltr'><strong>dum</strong></span> <span class='ocrx_word' id='word_1_86' title='bbox 555 800 716 850; x_wconf 88' lang='lat' dir='ltr'><strong>adhue</strong></span> <span class='ocrx_word' id='word_1_87' title='bbox 762 803 812 848; x_wconf 88' lang='lat' dir='ltr'><strong>in</strong></span> <span class='ocrx_word' id='word_1_88' title='bbox 862 803 989 849; x_wconf 86' lang='lat' dir='ltr'><strong>vivis</strong></span> <span class='ocrx_word' id='word_1_89' title='bbox 1030 808 1184 861; x_wconf 87' lang='lat' dir='ltr'><strong>esset,</strong></span> <span class='ocrx_word' id='word_1_90' title='bbox 1235 800 1455 849; x_wconf 67' lang='lat' dir='ltr'><strong>fovebas</strong></span> <span class='ocrx_word' id='word_1_91' title='bbox 1544 797 1704 859; x_wconf 84' lang='lat' dir='ltr'><strong>Quare</strong></span> <span class='ocrx_word' id='word_1_92' title='bbox 1760 800 1934 862; x_wconf 89' lang='lat' dir='ltr'><strong>pupilli</strong></span> <span class='ocrx_word' id='word_1_93' title='bbox 1992 800 2128 848; x_wconf 89' lang='lat' dir='ltr'><strong>firma</strong></span> <span class='ocrx_word' id='word_1_94' title='bbox 2183 801 2361 850; x_wconf 88' lang='lat' dir='ltr'><strong>fiducia</strong></span> 
     </span>
     <span class='ocr_line' id='line_1_10' title="bbox 101 872 2362 938; baseline 0 -16"><span class='ocrx_word' id='word_1_95' title='bbox 101 874 233 934; x_wconf 75' lang='lat' dir='ltr'><strong>freti,</strong></span> <span class='ocrx_word' id='word_1_96' title='bbox 285 874 355 922; x_wconf 86' lang='lat' dir='ltr'><strong>Te</strong></span> <span class='ocrx_word' id='word_1_97' title='bbox 395 880 444 923; x_wconf 88' lang='lat' dir='ltr'><strong>et</strong></span> <span class='ocrx_word' id='word_1_98' title='bbox 481 876 599 938; x_wconf 90' lang='lat' dir='ltr'><strong>ipsis</strong></span> <span class='ocrx_word' id='word_1_99' title='bbox 639 880 686 922; x_wconf 87' lang='lat' dir='ltr'><strong>et</strong></span> <span class='ocrx_word' id='word_1_100' title='bbox 725 873 960 936; x_wconf 85' lang='lat' dir='ltr'><strong>opusculo</strong></span> <span class='ocrx_word' id='word_1_101' title='bbox 1002 873 1115 921; x_wconf 86' lang='lat' dir='ltr'><strong>huic</strong></span> <span class='ocrx_word' id='word_1_102' title='bbox 1153 874 1473 936; x_wconf 82' lang='lat' dir='ltr'><strong>patrocinium</strong></span> <span class='ocrx_word' id='word_1_103' title='bbox 1515 872 1673 919; x_wconf 88' lang='lat' dir='ltr'><strong>Tuum</strong></span> <span class='ocrx_word' id='word_1_104' title='bbox 1713 886 1807 919; x_wconf 89' lang='lat' dir='ltr'><strong>non</strong></span> <span class='ocrx_word' id='word_1_105' title='bbox 1852 888 1956 921; x_wconf 88' lang='lat' dir='ltr'><strong>esse</strong></span> <span class='ocrx_word' id='word_1_106' title='bbox 1997 873 2362 936; x_wconf 82' lang='lat' dir='ltr'><strong>denegaturum,</strong></span> 
     </span>
     <span class='ocr_line' id='line_1_11' title="bbox 0 944 2360 1013; baseline 0.001 -19"><span class='ocrx_word' id='word_1_107' title='bbox 0 967 26 1013; x_wconf 53' lang='grc' dir='ltr'><strong>,ς</strong></span> <span class='ocrx_word' id='word_1_108' title='bbox 99 946 350 995; x_wconf 77' lang='lat' dir='ltr'><strong>illustriss.</strong></span> <span class='ocrx_word' id='word_1_109' title='bbox 393 946 557 996; x_wconf 84' lang='lat' dir='ltr'><strong>Celsit.</strong></span> <span class='ocrx_word' id='word_1_110' title='bbox 600 946 739 995; x_wconf 86' lang='lat' dir='ltr'><strong>Tuae</strong></span> <span class='ocrx_word' id='word_1_111' title='bbox 775 961 861 1010; x_wconf 88' lang='lat' dir='ltr'><strong>per</strong></span> <span class='ocrx_word' id='word_1_112' title='bbox 913 961 988 996; x_wconf 89' lang='lat' dir='ltr'><strong>me</strong></span> <span class='ocrx_word' id='word_1_113' title='bbox 1039 961 1146 995; x_wconf 88' lang='lat' dir='ltr'><strong>sese</strong></span> <span class='ocrx_word' id='word_1_114' title='bbox 1197 954 1244 994; x_wconf 90' lang='lat' dir='ltr'><strong>et</strong></span> <span class='ocrx_word' id='word_1_115' title='bbox 1283 947 1536 994; x_wconf 88' lang='lat' dir='ltr'><strong>Somnium</strong></span> <span class='ocrx_word' id='word_1_116' title='bbox 1592 944 1683 991; x_wconf 87' lang='lat' dir='ltr'><strong>hoc</strong></span> <span class='ocrx_word' id='word_1_117' title='bbox 1723 944 1967 993; x_wconf 85' lang='lat' dir='ltr'><strong>humiliter</strong></span> <span class='ocrx_word' id='word_1_118' title='bbox 2007 947 2360 1008; x_wconf 85' lang='lat' dir='ltr'><strong>commendant,</strong></span> 
     </span>
     <span class='ocr_line' id='line_1_12' title="bbox 98 1017 2360 1082; baseline 0 -14.958"><span class='ocrx_word' id='word_1_119' title='bbox 98 1019 257 1068; x_wconf 91' lang='lat' dir='ltr'><strong>Deum</strong></span> <span class='ocrx_word' id='word_1_120' title='bbox 298 1017 411 1082; x_wconf 89' lang='lat' dir='ltr'><strong>Opt.</strong></span> <span class='ocrx_word' id='word_1_121' title='bbox 450 1019 586 1068; x_wconf 85' lang='lat' dir='ltr'><strong>Max.</strong></span> <span class='ocrx_word' id='word_1_122' title='bbox 625 1019 976 1069; x_wconf 86' lang='lat' dir='ltr'><strong>ardentissimis</strong></span> <span class='ocrx_word' id='word_1_123' title='bbox 1014 1020 1238 1082; x_wconf 83' lang='lat' dir='ltr'><strong>precibus</strong></span> <span class='ocrx_word' id='word_1_124' title='bbox 1277 1024 1558 1077; x_wconf 81' lang='lat' dir='ltr'><strong>exoranteS,</strong></span> <span class='ocrx_word' id='word_1_125' title='bbox 1615 1024 1668 1063; x_wconf 90' lang='lat' dir='ltr'><strong>ut</strong></span> <span class='ocrx_word' id='word_1_126' title='bbox 1707 1017 1954 1066; x_wconf 86' lang='lat' dir='ltr'><strong>Illustriss.</strong></span> <span class='ocrx_word' id='word_1_127' title='bbox 1997 1018 2163 1067; x_wconf 88' lang='lat' dir='ltr'><strong>Celsit.</strong></span> <span class='ocrx_word' id='word_1_128' title='bbox 2204 1020 2360 1068; x_wconf 88' lang='lat' dir='ltr'><strong>Tuam</strong></span> 
     </span>
     <span class='ocr_line' id='line_1_13' title="bbox 100 1090 2361 1155; baseline 0.001 -15"><span class='ocrx_word' id='word_1_129' title='bbox 100 1106 210 1140; x_wconf 86' lang='lat' dir='ltr'><strong>eum</strong></span> <span class='ocrx_word' id='word_1_130' title='bbox 249 1091 467 1155; x_wconf 87' lang='lat' dir='ltr'><strong>Conjuge</strong></span> <span class='ocrx_word' id='word_1_131' title='bbox 506 1092 840 1141; x_wconf 87' lang='lat' dir='ltr'><strong>Illustrissima</strong></span> <span class='ocrx_word' id='word_1_132' title='bbox 879 1093 1143 1141; x_wconf 89' lang='lat' dir='ltr'><strong>secundum</strong></span> <span class='ocrx_word' id='word_1_133' title='bbox 1194 1093 1408 1154; x_wconf 87' lang='lat' dir='ltr'><strong>corporis</strong></span> <span class='ocrx_word' id='word_1_134' title='bbox 1457 1096 1505 1138; x_wconf 90' lang='lat' dir='ltr'><strong>et</strong></span> <span class='ocrx_word' id='word_1_135' title='bbox 1543 1091 1734 1137; x_wconf 86' lang='lat' dir='ltr'><strong>animae</strong></span> <span class='ocrx_word' id='word_1_136' title='bbox 1776 1093 1902 1139; x_wconf 87' lang='lat' dir='ltr'><strong>vires</strong></span> <span class='ocrx_word' id='word_1_137' title='bbox 1952 1090 2033 1139; x_wconf 92' lang='lat' dir='ltr'><strong>diu</strong></span> <span class='ocrx_word' id='word_1_138' title='bbox 2074 1106 2361 1142; x_wconf 85' lang='lat' dir='ltr'><strong>conservare</strong></span> 
     </span>
     <span class='ocr_line' id='line_1_14' title="bbox 18 1162 2360 1229; baseline 0.001 -16"><span class='ocrx_word' id='word_1_139' title='bbox 18 1181 46 1215; x_wconf 56' lang='lat'>3</span> <span class='ocrx_word' id='word_1_140' title='bbox 100 1172 149 1213; x_wconf 89' lang='lat' dir='ltr'><strong>et</strong></span> <span class='ocrx_word' id='word_1_141' title='bbox 186 1179 379 1213; x_wconf 89' lang='lat' dir='ltr'><strong>omnem</strong></span> <span class='ocrx_word' id='word_1_142' title='bbox 416 1165 641 1214; x_wconf 89' lang='lat' dir='ltr'><strong>hostilem</strong></span> <span class='ocrx_word' id='word_1_143' title='bbox 680 1166 914 1228; x_wconf 88' lang='lat' dir='ltr'><strong>impeturn</strong></span> <span class='ocrx_word' id='word_1_144' title='bbox 940 1173 1087 1229; x_wconf 89' lang='lat' dir='ltr'><strong>atque</strong></span> <span class='ocrx_word' id='word_1_145' title='bbox 1114 1165 1362 1214; x_wconf 88' lang='lat' dir='ltr'><strong>molestias</strong></span> <span class='ocrx_word' id='word_1_146' title='bbox 1402 1163 1635 1211; x_wconf 86' lang='lat' dir='ltr'><strong>militares</strong></span> <span class='ocrx_word' id='word_1_147' title='bbox 1673 1179 1703 1211; x_wconf 89' lang='lat' dir='ltr'><strong>a</strong></span> <span class='ocrx_word' id='word_1_148' title='bbox 1731 1162 1912 1214; x_wconf 86' lang='lat' dir='ltr'><strong>ditione</strong></span> <span class='ocrx_word' id='word_1_149' title='bbox 1949 1165 2103 1228; x_wconf 88' lang='lat' dir='ltr'><strong>ipsius</strong></span> <span class='ocrx_word' id='word_1_150' title='bbox 2142 1174 2360 1216; x_wconf 89' lang='lat' dir='ltr'><strong>avertere</strong></span> 
     </span>
     <span class='ocr_line' id='line_1_15' title="bbox 15 1236 637 1301; baseline 0 -15"><span class='ocrx_word' id='word_1_151' title='bbox 15 1262 18 1266; x_wconf 44' lang='grc'>’</span> <span class='ocrx_word' id='word_1_152' title='bbox 102 1236 362 1288; x_wconf 87' lang='lat' dir='ltr'><strong>clementer</strong></span> <span class='ocrx_word' id='word_1_153' title='bbox 401 1238 637 1301; x_wconf 86' lang='lat' dir='ltr'><strong>dignetur.</strong></span> 
     </span>
    </p>
   </div>
   <div class='ocr_carea' id='block_1_3' title="bbox 0 1275 2362 1450">
    <p class='ocr_par' dir='ltr' id='par_1_3' title="bbox 0 1275 2362 1450">
     <span class='ocr_line' id='line_1_16' title="bbox 0 1275 2362 1450; baseline 0.001 -92"><span class='ocrx_word' id='word_1_154' title='bbox 0 1275 51 1450; x_wconf 61' lang='grc' dir='ltr'>ἒ</span> <span class='ocrx_word' id='word_1_155' title='bbox 272 1311 348 1358; x_wconf 81' lang='lat' dir='ltr'><strong>&#39;Pu</strong></span> <span class='ocrx_word' id='word_1_156' title='bbox 386 1312 580 1374; x_wconf 89' lang='lat' dir='ltr'><strong>itaque,</strong></span> <span class='ocrx_word' id='word_1_157' title='bbox 630 1311 823 1359; x_wconf 87' lang='lat' dir='ltr'><strong>Celsiss.</strong></span> <span class='ocrx_word' id='word_1_158' title='bbox 865 1311 1121 1373; x_wconf 83' lang='lat' dir='ltr'><strong>Princeps,</strong></span> <span class='ocrx_word' id='word_1_159' title='bbox 1176 1311 1284 1359; x_wconf 90' lang='lat' dir='ltr'><strong>Deo</strong></span> <span class='ocrx_word' id='word_1_160' title='bbox 1325 1315 1372 1358; x_wconf 89' lang='lat' dir='ltr'><strong>et</strong></span> <span class='ocrx_word' id='word_1_161' title='bbox 1410 1309 1604 1357; x_wconf 86' lang='lat' dir='ltr'><strong>Patriae</strong></span> <span class='ocrx_word' id='word_1_162' title='bbox 1657 1308 1926 1359; x_wconf 87' lang='lat' dir='ltr'><strong>diutissime</strong></span> <span class='ocrx_word' id='word_1_163' title='bbox 1966 1309 2092 1360; x_wconf 85' lang='lat' dir='ltr'><strong>vale.</strong></span> <span class='ocrx_word' id='word_1_164' title='bbox 2168 1311 2362 1361; x_wconf 85' lang='lat' dir='ltr'><strong>Dabam</strong></span> 
     </span>
     <span class='ocr_line' id='line_1_17' title="bbox 35 1381 1749 1447; baseline -0.001 -16"><span class='ocrx_word' id='word_1_165' title='bbox 35 1383 38 1387; x_wconf 85' lang='lat'>&#39;</span> <span class='ocrx_word' id='word_1_166' title='bbox 98 1383 402 1432; x_wconf 84' lang='lat' dir='ltr'><strong>Francofurti</strong></span> <span class='ocrx_word' id='word_1_167' title='bbox 441 1384 502 1434; x_wconf 90' lang='lat' dir='ltr'><strong>ad</strong></span> <span class='ocrx_word' id='word_1_168' title='bbox 541 1385 788 1446; x_wconf 90' lang='lat' dir='ltr'><strong>Maenum,</strong></span> <span class='ocrx_word' id='word_1_169' title='bbox 831 1384 907 1432; x_wconf 88' lang='lat' dir='ltr'><strong>die</strong></span> <span class='ocrx_word' id='word_1_170' title='bbox 947 1389 994 1435; x_wconf 88' lang='lat'><strong>8.</strong></span> <span class='ocrx_word' id='word_1_171' title='bbox 1037 1384 1171 1447; x_wconf 86' lang='lat' dir='ltr'><strong>Sept.</strong></span> <span class='ocrx_word' id='word_1_172' title='bbox 1212 1384 1304 1432; x_wconf 88' lang='lat' dir='ltr'><strong>An.</strong></span> <span class='ocrx_word' id='word_1_173' title='bbox 1347 1381 1749 1431; x_wconf 88' lang='lat' dir='ltr'><strong>MDCXXXIV.</strong></span> 
     </span>
    </p>
   </div>
   <div class='ocr_carea' id='block_1_4' title="bbox 794 1544 1573 1756">
    <p class='ocr_par' dir='ltr' id='par_1_4' title="bbox 794 1544 1573 1756">
     <span class='ocr_line' id='line_1_18' title="bbox 794 1544 1428 1595; baseline 0 -3"><span class='ocrx_word' id='word_1_174' title='bbox 794 1544 1043 1593; x_wconf 79' lang='lat' dir='ltr'><strong>IllustriSS.</strong></span> <span class='ocrx_word' id='word_1_175' title='bbox 1085 1545 1250 1595; x_wconf 85' lang='lat' dir='ltr'><strong>Celsit.</strong></span> <span class='ocrx_word' id='word_1_176' title='bbox 1292 1544 1428 1593; x_wconf 88' lang='lat' dir='ltr'><strong>Tuae</strong></span> 
     </span>
     <span class='ocr_line' id='line_1_19' title="bbox 1198 1706 1573 1756; baseline -0.003 -1"><span class='ocrx_word' id='word_1_177' title='bbox 1198 1706 1573 1756; x_wconf 86' lang='lat' dir='ltr'><strong>Addictissimus</strong></span> 
     </span>
    </p>
   </div>
   <div class='ocr_carea' id='block_1_5' title="bbox 1379 1866 2254 1996">
    <p class='ocr_par' dir='ltr' id='par_1_5' title="bbox 1379 1866 2254 1996">
     <span class='ocr_line' id='line_1_20' title="bbox 1379 1866 2254 1929; baseline 0.002 -14"><span class='ocrx_word' id='word_1_178' title='bbox 1379 1867 1447 1918; x_wconf 84' lang='lat' dir='ltr'><strong>M.</strong></span> <span class='ocrx_word' id='word_1_179' title='bbox 1490 1866 1852 1915; x_wconf 82' lang='lat' dir='ltr'><strong>Ludovicus</strong></span> <span class='ocrx_word' id='word_1_180' title='bbox 1891 1866 2254 1929; x_wconf 71' lang='lat' dir='ltr'><strong>Kepplerus</strong></span> 
     </span>
     <span class='ocr_line' id='line_1_21' title="bbox 1523 1949 2101 1996; baseline 0.003 -2"><span class='ocrx_word' id='word_1_181' title='bbox 1523 1949 1777 1995; x_wconf 81' lang='lat' dir='ltr'><strong>Medicinae</strong></span> <span class='ocrx_word' id='word_1_182' title='bbox 1811 1950 2101 1996; x_wconf 84' lang='lat' dir='ltr'><strong>Candidatus.</strong></span> 
     </span>
    </p>
   </div>
   <div class='ocr_carea' id='block_1_6' title="bbox 0 1731 182 4088">
    <p class='ocr_par' dir='ltr' id='par_1_6' title="bbox 0 1731 182 4088">
     <span class='ocr_line' id='line_1_22' title="bbox 0 1731 182 4088; baseline 0 0"><span class='ocrx_word' id='word_1_183' title='bbox 0 1731 182 4088; x_wconf 95' lang='lat' dir='ltr'><strong> </strong></span> 
     </span>
    </p>
   </div>
  </div>
 </body>
</html>
