2652 4088
355 183 462 242 194
938 181 1228 229 Collectanea
1258 192 1316 229 ex
1345 177 1577 228 codicibus
1606 180 2005 229 PulkoviensibuS.

529 336 614 382 30.
653 331 797 384 Talia
833 334 925 384 tria
961 332 1117 383 latera
1156 331 1484 396 quadrilatera
1519 337 1705 395 septem
1742 330 1937 395 angulis
1980 331 2066 379 uni
2103 330 2340 396 sphaerae
2377 334 2491 380 sunt
2525 330 2604 378 in-

356 404 658 470 scriptibilia.

531 483 617 527 31.
657 478 772 527 Tria
810 478 1055 541 triangula
1091 491 1190 525 una
1229 477 1471 525 communi
1496 477 1744 538 subtensa,
1783 492 1870 526 seu
1909 476 2140 540 diagonio
2164 476 2411 536 hexaedri,
2451 476 2606 524 tribus

360 551 652 613 aequalibus
691 551 1127 613 quadrilaterorum
1179 549 1420 612 diagoniis
1459 555 1507 597 et
1543 551 1698 598 tribus
1737 549 2024 612 aequalibus
2073 550 2368 613 reliquorum
2407 548 2608 612 quadri-

355 624 618 673 laterorum
646 625 972 672 commissuris
997 623 1202 684 inclusa,
1243 622 1400 671 eidem
1425 622 1662 685 sphaerae
1689 629 1802 671 sunt
1827 623 2179 686 inscriptibilia,
2221 626 2436 687 quinque
2474 620 2609 670 scili-

357 703 434 746 cet
471 696 679 759 angulis

538 774 620 819 32.
660 769 788 818 Hinc
826 768 1090 817 affirmatur
1128 767 1190 829 id,
1232 766 1363 830 quod
1403 782 1461 816 ex
1499 773 1636 831 parte
1675 783 1803 819 num
1834 774 1916 818 23.
1945 771 2221 831 quaesitum
2249 773 2363 817 erat
2431 764 2611 816 Omnes

360 841 551 891 scilicet
592 847 620 891 8
661 843 827 905 anguli
868 842 1182 904 quadrilateri
1220 840 1474 900 hexae'dri,
1525 841 1657 903 quod
1695 857 1792 890 uno
1840 841 1997 890 solido
2037 844 2179 890 trium
2220 841 2498 903 aequalium
2535 840 2613 889 la-

356 923 511 965 terum
551 922 598 964 et
635 917 789 964 tribus
828 918 954 963 circa
993 914 1128 962 illum
1169 913 1352 973 solidis,
1393 927 1599 976 quorum
1635 915 1813 978 singuli
1853 916 1992 964 binos
2030 922 2187 965 rectos
2214 915 2388 978 planos
2413 912 2610 975 habent,

358 995 564 1048 constat,
607 988 762 1036 eidem
803 987 1037 1050 sphaerae
1076 994 1189 1035 sunt
1227 987 1588 1049 inscriptibileS.

543 1067 627 1110 33.
670 1060 846 1109 Omnia
885 1076 971 1110 sex
1010 1059 1337 1122 quadrilatera
1374 1059 1566 1108 circulis
1606 1066 1719 1108 sunt
1755 1061 2110 1123 inscriptibilia.

541 1139 625 1184 34.
667 1133 844 1183 Omnia
868 1149 954 1182 sex
981 1133 1308 1196 quadrilatera
1345 1133 1486 1180 binos
1512 1134 1764 1197 oppositos
1803 1134 1930 1182 binis
1964 1136 2108 1181 rectis
2148 1133 2331 1181 habent
2367 1130 2611 1196 aequales.

541 1211 623 1257 35.
665 1208 742 1255 An
773 1207 1040 1270 quemlibet
1082 1205 1315 1268 angulum
1352 1205 1552 1268 planum
1590 1208 1816 1254 metiatur
1854 1208 1900 1253 in
1942 1208 2167 1270 opposito
2207 1205 2366 1254 solido
2403 1205 2610 1269 angulus

359 1280 536 1344 planus
575 1279 672 1341 ille,
715 1282 795 1343 qui
836 1286 909 1327 est
948 1279 1354 1343 complementum
1390 1278 1556 1340 anguli
1599 1280 1762 1327 obtusi
1800 1278 1862 1327 ad
1902 1279 2295 1328 semicirculum?

541 1358 626 1402 36.
668 1353 719 1402 Si
758 1354 859 1401 bini
899 1352 1065 1415 anguli
1105 1354 1232 1400 circa
1259 1351 1366 1399 CFI
1398 1358 1559 1400 essent
1597 1354 1740 1413 recti,
1781 1355 2126 1402 commissurae
2165 1351 2356 1401 illorum
2385 1357 2412 1402 3
2443 1351 2615 1416 plano-

359 1442 465 1474 rum
507 1433 668 1475 essent
703 1425 1126 1490 perpendiculares
1165 1424 1227 1472 ad
1270 1426 1362 1472 tria
1399 1427 1555 1487 prima
1593 1425 1763 1489 plana3
1805 1440 1862 1473 ex
1904 1431 1989 1475 26.

535 1505 619 1549 37.
659 1499 798 1548 Haec
836 1500 878 1545 si
916 1500 986 1546 sic
1023 1498 1280 1557 haberent,
1322 1499 1438 1559 quia
1478 1498 1692 1560 diagonii
1731 1500 1875 1546 trium
1911 1500 2175 1562 primorum
2215 1497 2467 1561 planorum
2506 1503 2652 1546 sunt,

358 1572 665 1635 inaequaleS,
720 1572 988 1620 communis
1040 1584 1155 1619 vero
1207 1571 1359 1619 tribus
1399 1571 1654 1633 triangulis
1695 1571 1952 1635 diagonius
2003 1573 2155 1636 ipsius
2203 1571 2456 1633 hexae'dri,
2508 1570 2618 1621 hinc

363 1660 478 1709 ergo
518 1645 612 1693 hae
652 1646 995 1694 commissurae
1034 1643 1204 1693 fierent
1243 1643 1542 1706 inaequales,

536 1723 621 1768 38.
659 1717 859 1766 Falsum
885 1731 1130 1780 ergo‚-seu
1156 1715 1432 1778 negandum
1459 1724 1546 1764 aut
1570 1718 1856 1766 vicesimum
1882 1719 2089 1782 primum
2117 1722 2202 1765 aut
2229 1722 2293 1766 22
2328 1718 2616 1779 quaesitum.

537 1796 622 1841 39.
661 1790 756 1838 Per
794 1804 1114 1852 quaecunque
1167 1789 1262 1837 duo
1304 1795 1482 1851 puncta
1520 1789 1756 1852 sphaerae
1796 1798 1892 1839 tres
1933 1791 2011 1839 vel
2050 1791 2213 1855 plures
2252 1790 2484 1853 aequales
2524 1791 2616 1838 cir-

361 1862 455 1913 culi
494 1864 639 1912 scribi
677 1869 896 1926 possunt,
937 1865 977 1911 si
1017 1868 1130 1910 sunt
1170 1864 1395 1926 opposita
1434 1864 1480 1909 in
1521 1862 1743 1925 sphaera.

531 1942 614 1986 40.
653 1936 766 1984 Bini
794 1950 921 1998 ,ergo
961 1934 1128 1998 anguli
1168 1935 1338 1983 talium
1378 1935 1656 1983 hexae'dron
1697 1941 1810 1984 sunt
1848 1937 1895 1983 in
1931 1937 2170 2001 oppositis
2209 1934 2445 2000 sphaerae
2483 1934 2616 1997 locis,

360 2023 447 2058 seu
486 2009 741 2072 diagonius
781 2009 1016 2073 sphaerae
1057 2014 1128 2056 est
1169 2007 1425 2071 diagonius
1466 2007 1578 2056 talis
1616 2008 1863 2057 hexae‘dri.

543 2088 629 2131 41.
669 2081 871 2151 Nullum
910 2082 1007 2131 tale
1046 2080 1322 2130 hexae'dron
1363 2082 1411 2128 in
1439 2081 1848 2146 hemisphaerium
1888 2083 2154 2131 autminus
2191 2081 2514 2146 fragmentum
2540 2082 2616 2129 in-

363 2156 508 2205 scribi
547 2161 726 2220 potest.
2628 2151 2645 2160 '¹

543 2234 626 2280 42.
667 2230 743 2276 Αη
783 2229 831 2275 ἰη
870 2228 1024 2276 tribus
1062 2225 1267 2276 residuis
1304 2226 1478 2291 planis,
1518 2233 1571 2275 ut
1610 2229 1720 2275 trini
1761 2226 1975 2292 diagonii
2001 2227 2065 2277 ad
2091 2229 2368 2293 oppositum
2406 2225 2636 2277 solidum'-

362 2300 631 2361 tendenteS,
672 2303 741 2349 sic
781 2307 827 2350 et
866 2302 977 2348 trini
1014 2299 1195 2348 residui
1234 2300 1352 2348 fiant
1389 2301 1664 2364 aequales?

546 2380 629 2424 43.
669 2373 890 2423 Ponatur
927 2374 977 2421 id
1015 2374 1084 2422 sic
1122 2388 1226 2422 esse
1253 2380 1301 2422 et
1328 2373 1500 2422 dentur
1538 2373 1730 2438 angulis
1755 2375 1953 2423 nomina
1978 2375 2038 2435 A,
2066 2374 2123 2435 B,
2153 2374 2206 2434 Ο,
2236 2374 2299 2434 Ι),
2325 2375 2381 2435 F,
2412 2372 2471 2434 G,
2502 2373 2540 2435 Ι,
2567 2370 2625 2423 K'

363 2451 512 2503 <figura
544 2455 686 2500 deest).
748 2447 868 2495 Cum
908 2461 1021 2509 ergo
1062 2446 1176 2505 KB,
1219 2446 1331 2507 DB,
1383 2445 1471 2494 ΟΒ
1511 2450 1607 2495 sint
1643 2446 1877 2509 aequales
1916 2453 1963 2495 et
2000 2447 2081 2508 ΙΟ,
2124 2447 2220 2509 CF,
2260 2447 2326 2494 FI
2377 2452 2626 2510 ponantur*

363 2521 616 2583 aequales:
659 2526 796 2569 erunt
834 2534 959 2582 quae
999 2520 1089 2568 sub
1128 2519 1218 2566 KB
1259 2526 1306 2568 et
1346 2519 1424 2580 CI,
1465 2521 1554 2568 sub
1594 2520 1685 2567 DB
1725 2526 1773 2568 et
1799 2519 1895 2579 CF,
1936 2521 2026 2569 sub
2068 2519 2156 2568 ΟΒ
2196 2526 2244 2569 et
2269 2519 2336 2567 FI
2373 2518 2626 2582 aequalia?

365 2593 463 2643 Sed
512 2593 643 2657 quod
688 2594 778 2641 sub
817 2593 908 2640 KB
949 2598 996 2640 et
1036 2592 1100 2640 CI
1152 2598 1224 2640 est
1275 2592 1480 2654 aequale
1535 2592 1726 2642 duobus
1773 2593 1863 2640 sub
1903 2592 2007 2653 ΚΟ,
2048 2593 2114 2641 IB
2157 2600 2204 2641 et
2239 2592 2336 2653 KI,
2378 2593 2476 2641 ΟΒ.
2552 2591 2618 2658 Et·

364 2665 495 2730 quod
534 2667 624 2714 sub
663 2666 752 2713 DB
793 2671 840 2714 et
878 2665 958 2712 CF
998 2672 1070 2712 est
1109 2663 1313 2727 aequale
1352 2664 1542 2714 duobus
1581 2667 1672 2714 sub
1712 2664 1813 2725 DC,
1853 2665 1937 2712 BF
1978 2672 2025 2715 et
2063 2666 2169 2727 DF,
2210 2665 2310 2714 CB.
2385 2666 2448 2714 Et
2485 2659 2623 2728 quod¹

364 2741 455 2788 sub
497 2738 584 2788 ΟΒ
625 2744 673 2787 et
710 2738 777 2785 FI
816 2744 890 2786 est
927 2737 1130 2800 aequale
1179 2737 1368 2785 duobus
1421 2739 1511 2786 sub
1553 2737 1654 2799 GF,
1695 2738 1763 2786 BI
1803 2744 1850 2786 et
1891 2736 1977 2799 GI,
2017 2739 2118 2787 BF.
2194 2739 2322 2801 Ergo
2362 2753 2487 2800 quae
2525 2737 2620 2796 sub,

363 2811 468 2871 ΚΟ,
506 2812 574 2859 IB
616 2817 663 2859 et
702 2810 788 2869 KI,
831 2811 928 2871 CB,
968 2812 1083 2858 item
1122 2825 1246 2872 quae
1285 2811 1374 2858 sub
1403 2811 1505 2870 DC,
1547 2811 1629 2859 BF
1658 2818 1707 2860 et
1735 2811 1838 2871 DF,
1877 2811 1975 2872 ΒΟ,
2018 2818 2066 2860 et
2104 2826 2230 2874 quae
2269 2812 2360 2860 sub
2388 2810 2490 2871 GF,
2529 2809 2652 2873 131.;

369 2892 416 2933 et
455 2884 541 2944 GI,
582 2884 666 2932 BF
715 2890 876 2932 essent
926 2882 1168 2946 aequalia.
1259 2882 1382 2930 Sunt
1429 2889 1591 2932 autem
1640 2883 1966 2946 quadrilatera
2018 2884 2163 2934 haec:
2223 2883 2399 2947 BFGI,
2439 2881 2652 2946 ΒΙΚΟ,1

362 2957 562 3017 BCDF,
603 2970 808 3019 quorum
846 2955 1012 3019 aliqua
1049 2957 1205 3005 latera
1243 2962 1356 3004 sunt
1394 2963 1522 3005 certo
1562 2957 1806 3019 aequalia,
1846 2957 2015 3020 aliqua
2053 2959 2346 3009 communia.
2599 2951 2652 3020 1

508 3030 565 3078 In
603 3031 758 3094 primo
1284 3028 1371 3077 BF
1516 3028 1605 3078 FG
1753 3028 1825 3077 GI
1969 3030 2037 3078 IB
2597 3051 2606 3080 r
2650 3030 2652 3043 ²

510 3102 567 3150 In
607 3102 819 3152 secundo
891 3099 1186 3166 respondent
1750 3102 1826 3150 ΙΚ
1971 3103 2039 3151 IB
2185 3103 2274 3152 ΚΟ
2421 3101 2504 3151 ΟΒ
2598 3124 2609 3173 j

514 3175 571 3223 In
608 3177 748 3224 tertio
1285 3173 1371 3221 BF
1516 3172 1605 3221 DF
2185 3177 2274 3225 CD
2423 3175 2520 3224 ΟΒ.
2595 3198 2601 3224 2

367 3247 495 3296 Hinc
543 3250 818 3297 necessario
869 3246 1120 3310 aequalia,
1167 3261 1292 3309 quae
1345 3246 1435 3294 sub
1484 3246 1788 3309 aequalibus,
1863 3247 1932 3297 At
1968 3247 2090 3298 haec
2137 3256 2251 3298 sunt
2297 3243 2639 3313 disseparata,

366 3336 456 3370 nec
494 3321 828 3370 confirmantia
865 3336 918 3369 se
956 3327 1124 3368 mutuo
1163 3334 1253 3368 nec
1289 3319 1564 3368 refutantia

543 3399 626 3443 44
669 3394 789 3442 Cum
830 3394 888 3454 A,
919 3393 970 3454 Ο,
1012 3395 1107 3440 sint
1153 3394 1377 3456 opposita
1424 3398 1604 3456 puncta
1651 3392 1886 3456 sphaerae
1937 3399 1985 3442 et
2022 3393 2159 3442 ADC
2205 3394 2360 3457 major
2409 3391 2610 3443 circulus

371 3481 517 3529 quam
570 3467 734 3527 ADF,
792 3467 905 3524 BF,
957 3465 1064 3525 ΒΟ,
1123 3465 1191 3513 BI
1246 3471 1374 3514 certo
1432 3479 1528 3513 non
1583 3472 1696 3513 sunt
1745 3466 1993 3529 aequales,
2087 3466 2215 3515 Hinc
2266 3472 2472 3529 negatur
2526 3468 2606 3522 22.

463 3543 473 3546 “
543 3543 626 3590 45.
668 3539 789 3587 Cum
813 3539 928 3588 ΙΚΟ
953 3538 1150 3602 planum
1186 3538 1332 3587 faciat
1369 3544 1553 3587 rectum
1578 3551 1686 3586 cum
1710 3538 1847 3587 ΚΑΟ
1877 3539 2023 3603 plano
2062 3545 2110 3587 et
2136 3539 2266 3588 CDF
2305 3555 2413 3588 cum
2445 3537 2610 3588 eodem

372 3611 521 3672 CDA,
560 3611 714 3660 lineas
741 3627 935 3675 quoque
964 3626 1131 3660 omnes
1157 3611 1327 3659 horum
1353 3610 1606 3675 planorum
1647 3625 1755 3659 cum
1793 3612 1958 3675 aliqua
1985 3627 2044 3661 ex
2068 3611 2212 3660 KDA
2239 3619 2422 3661 rectum
2459 3612 2611 3660 facere

369 3688 566 3732 necesse
606 3692 705 3746 est3
760 3686 844 3733 sed
886 3685 966 3733 ΟΒ
1004 3684 1135 3733 linea
1173 3690 1246 3732 est
1284 3686 1532 3746 utriusque
1570 3683 1700 3747 plani
1742 3691 1969 3747 extrema,
2011 3690 2059 3734 et
2097 3685 2449 3748 qualiscunque
2487 3686 2611 3732 esset

372 3757 623 3805 inclinatio
652 3757 732 3805 ΟΒ
757 3757 914 3806 lineae
954 3757 1017 3805 ad
1054 3757 1198 3804 KAD
1237 3755 1450 3820 planum,
1490 3756 1699 3804 demissa
1738 3758 2146 3821 perpendicularis
2185 3773 2244 3806 ex
2270 3758 2311 3806 B
2350 3759 2398 3804 in
2437 3757 2610 3805 lineam

375 3827 460 3876 CA
499 3829 715 3895 caderet,
767 3832 883 3898 quia
920 3829 1025 3892 ΚΟ,
1064 3829 1154 3878 DC
1201 3829 1432 3893 aequales
1481 3835 1528 3878 et
1576 3828 1825 3879 inclinatio
1865 3831 1997 3880 BCD
2037 3837 2086 3880 et
2122 3830 2257 3880 ΒΟΚ
2296 3828 2515 3895 aequalis
2548 3824 2609 3891 ad
