2652 4088
1057 144 1138 194 111.
1170 142 1500 192 Astronomica.
2270 201 2275 209 ,
2295 137 2401 198 235

152 300 339 349 uncant
392 297 675 348 distantiam
723 294 1015 365 (verticitate
1063 297 1295 358 Telluris,
1347 301 1402 345 ut
1453 297 1523 344 ait
1569 293 1844 344 Gulielmus
1884 294 2142 354 (Gssbertus)
2180 291 2402 354 Augias,

154 387 280 435 quae
304 382 398 420 non
434 380 509 422 est
546 370 757 420 animale
782 373 1048 435 quippiam,
1088 370 1369 420 invariabili
1407 366 1676 436 existente),
1716 367 1769 416 fit
1806 373 1860 415 ut
1897 367 1996 416 alia
2034 373 2181 430 atque
2219 366 2318 414 alia
2355 367 2405 414 in

153 446 375 495 solstitiis
427 446 516 494 fiat
565 445 830 494 inclinatio,
917 444 1054 492 Haec
1104 447 1173 492 ita
1221 445 1344 493 bene
1398 443 1596 493 habent.
1680 442 1877 491 Interim
1935 446 2100 490 autem
2156 441 2406 490 variantur

150 519 376 568 solstitia.
451 518 785 567 Variationem
823 517 950 566 hanc
987 519 1057 566 sic
1094 519 1430 580 imaginemur.

325 591 570 640 Tellurem
607 591 846 654 fingamus
888 591 992 654 jam
1041 592 1091 639 in
1138 591 1285 654 plano
1326 590 1580 654 eclipticae
1618 587 1916 636 immobilem
1966 589 2113 650 inque
2152 602 2211 636 ea
2248 598 2404 650 punc·-

150 671 269 726 tum,
318 665 569 727 eclipticae
615 664 805 714 mediae
843 664 958 727 polo
1006 664 1328 727 respondenS,
1369 680 1399 712 a
1438 678 1535 727 quo
1581 664 1844 711 numeratis
1895 663 2125 724 gradibus
2168 660 2262 710 23⁰
2303 659 2403 721 42¹,

151 739 336 788 scilicet
382 737 687 800 obliquitatis
741 738 956 797 mediae,
1013 738 1097 787 illo
1150 746 1314 788 centro
1368 739 1605 786 scribatur
1642 735 1848 784 circulus
1898 737 2068 795 minor,
2109 734 2406 797 respondens

150 813 334 875 polari‚
374 813 422 858 in
462 825 560 872 quo
607 810 849 873 fingamus
887 813 1149 875 circumagi
1187 810 1354 875 polum
1392 811 1584 860 Terrae.
1660 808 1848 870 Quodsi
1886 809 2028 871 polus
2071 808 2249 857 Terrae
2289 823 2406 858 cen-

151 892 276 933 trum
314 883 483 932 mundi
520 885 730 946 respicit,
770 887 885 932 tunc
923 886 971 932 in
1011 884 1095 933 illo
1134 884 1243 934 loco
1283 884 1550 947 eclipticae,
1593 882 1722 945 quod
1751 883 2095 931 determinatur
2119 897 2205 946 per
2242 882 2403 942 fixam,

153 966 227 1006 est
264 956 544 1006 solstitium.
621 955 708 1004 Sin
755 965 919 1006 autem
970 959 1076 1007 axis
1114 958 1293 1008 Terrae
1342 964 1389 1006 et
1425 957 1556 1006 linea
1607 961 1898 1004 connectens
1951 960 2116 1004 centra
2152 955 2320 1004 mundi
2359 960 2408 1005 et

151 1030 365 1079 Telluris
402 1043 510 1078 sese
548 1030 790 1078 secuerint
827 1030 890 1078 ad
929 1031 1135 1094 angulos
1174 1036 1347 1091 rectos,
1388 1036 1502 1079 tunc
1540 1030 1606 1078 ibi
1647 1034 1721 1077 est
1759 1029 2135 1090 aequinoctium.

322 1103 410 1151 Est
450 1116 567 1152 vero
607 1104 814 1164 animuS,
854 1104 1130 1152 latitudinis
1170 1104 1386 1152 locorum
1437 1105 1759 1152 variationem
1796 1103 1845 1148 in
1884 1101 2010 1150 hanc
2050 1115 2244 1164 quoque
2285 1116 2404 1150 cau-

149 1191 256 1225 sam
296 1176 486 1225 referre.
561 1175 739 1238 Itaque
781 1183 912 1237 est0,
966 1183 1017 1226 ut
1055 1190 1153 1225 non
1193 1176 1321 1225 idern
1366 1176 1503 1225 locus
1543 1177 1721 1225 Terrae
1759 1176 1807 1222 in
1856 1190 2004 1238 supra
2044 1175 2172 1223 dicto
2213 1175 2405 1224 circello

150 1249 395 1309 volvatur,
435 1247 521 1297 sed
560 1251 723 1312 potius
759 1249 862 1313 poli
900 1265 986 1298 seu
1027 1251 1361 1300 conversionis
1400 1251 1477 1298 vis
1515 1248 1626 1299 loca
1652 1250 1831 1298 Terrae
1869 1248 2175 1310 subjacentia
2213 1249 2284 1296 illi
2314 1250 2408 1297 cir-

151 1323 274 1373 cello
313 1328 554 1386 peragret,
628 1322 753 1371 Nam
791 1322 934 1386 polus
974 1330 1022 1372 et
1060 1325 1309 1372 verticitas
1349 1335 1444 1371 non
1484 1327 1596 1371 sunt
1634 1338 1784 1371 unum
1836 1327 1884 1370 et
1923 1322 2066 1370 idem.
2143 1321 2294 1370 Polus
2335 1326 2408 1371 est

154 1411 184 1446 a
223 1398 276 1443 vi
313 1396 529 1455 animali,
570 1398 819 1445 verticitas
859 1403 933 1446 est
969 1410 1000 1445 a
1035 1397 1206 1446 forma.
1282 1397 1457 1459 ltaque
1496 1398 1558 1445 sit
1597 1397 1793 1458 quidem
1831 1395 1939 1455 hoc,
1980 1401 2033 1443 ut
2072 1396 2319 1443 verticitas
2362 1401 2411 1445 et

146 1469 289 1532 polus
325 1471 375 1516 in
415 1470 652 1531 principio
693 1469 862 1517 mundi
901 1470 1080 1519 fuerint
1120 1470 1290 1520 eodem
1331 1471 1439 1519 loco
1480 1470 1743 1532 conjuncti.
1820 1469 1942 1517 Cum
1981 1470 2128 1531 igitur
2166 1470 2305 1516 annis
2337 1474 2400 1518 76

146 1541 273 1592 fixae
310 1542 515 1604 gradum
555 1542 829 1602 conficiant,
871 1544 1002 1606 quod
1040 1546 1179 1592 annis
1221 1548 1359 1592 56οΟ
1400 1550 1513 1592 sunt
1555 1541 1648 1592 740
1686 1544 1800 1602 fere,
1843 1556 1958 1604 ergo
1998 1541 2199 1592 totidem
2239 1542 2406 1603 gradi-

146 1616 240 1664 bus
278 1615 411 1663 illius
450 1615 630 1664 circelli
672 1616 922 1665 distabunt
960 1617 1106 1666 hodie
1144 1618 1393 1665 verticitas
1434 1623 1483 1666 et
1518 1617 1678 1680 poluS.
1756 1615 2040 1678 Quaeritur,
2094 1623 2304 1677 quantus
2345 1619 2408 1664 sit

144 1689 337 1736 futurus
372 1703 514 1737 arcus
553 1689 718 1738 circuli
756 1689 958 1753 magni?
1033 1690 1302 1739 Dimidium
1345 1696 1411 1740 74
1441 1697 1513 1739 cst
1542 1696 1625 1751 37,
1666 1692 1800 1739 sinus
1838 1690 1987 1751 paulo
2025 1689 2183 1751 major
2212 1694 2403 1750 60000,

145 1763 362 1825 qualium
400 1762 564 1810 radius
596 1767 820 1814 100000.
899 1763 964 1812 At
1003 1764 1220 1827 qualium
1259 1764 1530 1816 semidiam.
1572 1765 1703 1813 orbis
1746 1768 1983 1824 100000,
2023 1763 2194 1812 talium
2234 1763 2398 1812 radius

146 1840 323 1884 40000
362 1837 548 1884 circiter
587 1837 701 1898 erit,
754 1836 902 1899 paulo
942 1836 1079 1900 plue,
1136 1852 1250 1900 ergo
1290 1838 1460 1886 talium
1507 1840 1641 1886 sinus
1691 1837 1773 1886 ille
1814 1841 2019 1897 24000,
2076 1836 2212 1898 cujus
2266 1851 2405 1885 arcus

152 1905 245 1957 140
281 1909 430 1971 paulo
482 1910 675 1970 minus,
731 1909 931 1973 duplum
972 1908 1081 1962 28⁰.
1156 1911 1345 1960 Tantus
1386 1918 1516 1961 esset
1563 1920 1702 1960 arcus
1757 1910 1921 1960 circuli
1973 1912 2138 1973 magni
2178 1909 2402 1970 TelluriS,

147 1996 256 2030 cum
294 1988 456 2030 tamen
497 1995 555 2030 ex
593 1985 834 2045 magnetis
883 1984 1178 2033 indicatione
1231 1986 1480 2034 verticitas
1518 1990 1566 2034 et
1603 1985 1745 2047 polus
1791 1997 1888 2032 non
1940 1984 2050 2046 plus
2102 1990 2127 2032 7
2169 1983 2404 2046 gradibus

146 2055 327 2104 distent
364 2055 536 2115 hodie3
589 2062 636 2104 et
673 2055 832 2105 Maria
872 2057 1013 2114 dicit,
1061 2058 1344 2106 latitudines
1383 2074 1414 2106 a
1451 2058 1736 2107 Ptolemaeo
1786 2056 1849 2106 ad
1901 2071 1990 2106 nos
2041 2056 2314 2106 decrevisse
2354 2059 2402 2105 in

144 2127 292 2176 Italia
331 2143 417 2191 per
459 2127 513 2176 1⁰
558 2132 664 2189 10‘,
717 2130 766 2177 id
807 2139 934 2180 esset
971 2133 1020 2178 in·
1061 2131 1331 2180 meridiano
1371 2131 1583 2181 naturali
1625 2130 1687 2180 ad
1725 2145 1965 2179 summum
2010 2127 2066 2179 10
2106 2132 2217 2190 30‘,
2257 2130 2403 2194 idque

146 2203 194 2248 in
235 2201 414 2249 circulo
454 2216 663 2264 magn03
714 2204 778 2252 sit
829 2219 948 2253 sane
987 2206 1036 2251 in
1082 2220 1171 2253 suo
1219 2207 1393 2254 minori
1431 2221 1499 2267 gr.
1543 2210 1573 2255 2
1612 2220 1701 2268 per
1748 2217 1902 2253 annos
1946 2207 2082 2254 1300
2122 2203 2201 2252 vel
2247 2209 2400 2254 1400.

145 2274 196 2323 Si
240 2279 376 2323 1400
418 2274 502 2323 dat
541 2278 587 2334 2,
630 2276 746 2338 quid
788 2280 943 2338 5600,
983 2280 1203 2341 sequitur
1241 2293 1336 2327 non
1375 2278 1484 2342 plus
1515 2276 1589 2329 8⁰.
1654 2278 1791 2326 Haec
1829 2279 1995 2340 itaque
2035 2277 2278 2327 conciliari
2307 2293 2402 2326 non

143 2353 376 2411 possunt,
429 2350 522 2396 nisi
561 2349 683 2398 sorte
724 2365 782 2398 ex
825 2352 1108 2401 confusione
1147 2353 1400 2415 utriusque
1439 2366 1619 2401 causae
1659 2351 1896 2414 implicari
1936 2357 1983 2400 et
2020 2351 2142 2400 haec
2179 2351 2404 2400 latitudi-

147 2436 262 2470 num
303 2421 519 2469 locorum
559 2424 767 2471 variatio
805 2426 978 2486 possit.
1027 2426 1099 2473 Ex
1138 2425 1493 2489 hypothesibus
1531 2425 1644 2474 huic
1681 2427 1880 2483 negotio
1920 2426 2206 2475 necessariis
2234 2427 2403 2490 sequi-

27 2485 29 2549 ]
74 2552 79 2558 ¹
142 2499 219 2543 tur
257 2495 404 2543 etiam
443 2494 610 2556 aliqua
647 2498 1008 2559 anticipationis
1046 2501 1461 2561 aequinoctiorum
1502 2498 1845 2562 inaequalitas

316 2567 367 2616 Si
408 2569 458 2615 in
498 2568 643 2631 plano
683 2573 963 2632 aequatoris
1011 2571 1215 2621 dueatur
1254 2588 1312 2621 ex
1351 2572 1596 2621 solstitiali
1645 2574 1925 2634 aequatoris
1971 2577 2151 2634 puncto
2191 2586 2403 2634 perpen-

145 2639 373 2689 dicularis
411 2643 520 2702 axi,
574 2649 688 2690 tunc
725 2643 952 2706 planum,
1007 2644 1138 2707 quod
1188 2646 1398 2695 formant
1448 2647 1553 2695 axis
1592 2650 1640 2695 et
1677 2645 2121 2709 perpendiculariS,
2170 2647 2404 2708 contingit

143 2713 418 2777 eclipticam
458 2730 638 2774 veram,
678 2731 773 2764 non
802 2718 998 2780 quidem
1027 2721 1074 2766 in
1103 2733 1200 2768 una
1225 2719 1549 2780 revolutione,
1589 2718 1674 2768 sed
1703 2734 1810 2767 cum
1839 2721 2087 2768 annuatim
2128 2719 2174 2766 id
2204 2719 2404 2781 planum

142 2787 545 2836 circumvolutum
572 2803 667 2837 non
697 2792 910 2840 varietur
935 2794 1047 2849 situ,
1088 2792 1173 2841 sed
1214 2794 1288 2841 bis
1327 2799 1514 2841 tantuin
1555 2793 1827 2855 eclipticam
1868 2793 2116 2854 contingat
2155 2794 2201 2839 in
2233 2790 2290 2840 00
2322 2793 2404 2854 Υ,

144 2859 201 2909 00
232 2862 346 2920 -fss,
375 2861 450 2909 bis
487 2867 616 2911 recte
654 2869 786 2912 secet
824 2868 872 2912 in
913 2863 971 2914 0⁰
997 2862 1080 2932 ὓ,
1112 2864 1169 2915 00
1199 2866 1257 2933 ὅ
1292 2866 1411 2930 (quo
1457 2871 1593 2915 motu
1633 2866 1758 2914 idern
1797 2881 1988 2930 semper
2023 2873 2186 2915 manet
2217 2868 2399 2915 sectio-

139 2934 215 2982 nis
254 2933 488 2997 angulus,
542 2942 591 2984 et
641 2937 723 2999 qui
771 2951 878 2986 cum
927 2953 1045 2988 vera
1086 2945 1134 2987 et
1172 2940 1255 3002 qui
1295 2955 1403 2988 cum
1442 2939 1602 2988 media
1655 2938 1900 3002 ecliptica,
1956 2941 2025 2988 ita
2077 2946 2130 2988 ut
2178 2939 2258 2987 hic
2296 2940 2402 2988 axis

141 3006 320 3056 Terrae
359 3006 455 3056 dici
494 3010 649 3071 possit
686 3011 873 3059 ratione
913 3026 1032 3061 suae
1070 3014 1357 3062 verticitatis
1404 3012 1613 3062 mediam
1663 3012 1935 3076 eclipticam
1976 3010 2260 3077 respicere),
2314 3027 2402 3060 ex-

140 3086 251 3128 acto
291 3085 451 3129 tamen
490 3096 618 3129 anno
658 3096 753 3130 non
793 3084 1002 3146 amplius
1041 3087 1089 3132 in
1131 3085 1188 3133 0⁰
1220 3086 1278 3146 Ὺ·
1313 3088 1549 3148 contingit
1590 3100 1752 3133 veram
1793 3085 2096 3149 eclipticam,
2135 3084 2220 3133 sed
2260 3091 2403 3133 ante-

140 3153 257 3212 rius,
297 3154 479 3202 interea
518 3161 733 3204 centrum
777 3157 973 3219 quidem
1010 3173 1098 3220 per
1125 3159 1255 3207 viam
1283 3174 1428 3207 verae
1470 3159 1722 3222 eclipticae
1762 3161 1961 3221 rapitur,
2002 3160 2107 3207 axis
2147 3171 2261 3205 vero
2292 3172 2401 3206 ver-

140 3226 340 3275 ticitatis
391 3226 663 3289 eclipticam
710 3229 919 3278 mediam
966 3232 1178 3292 respicit.
1253 3231 1332 3280 Ita
1380 3234 1577 3294 respicit
1627 3237 1675 3280 et
1721 3246 1817 3279 non
1868 3232 2078 3293 respicit.
2168 3230 2276 3279 Non
2328 3236 2402 3279 est

142 3300 289 3360 igitur
330 3299 404 3347 vis
440 3303 730 3362 magnetica,
769 3302 855 3351 sed
894 3302 1134 3352 animalis.
1200 3304 1327 3365 Ergo
1356 3318 1463 3352 cum
1501 3307 1548 3352 in
1589 3304 1740 3353 limite
1778 3310 1851 3353 est
1891 3305 2266 3366 aequinoctium,
2309 3304 2400 3353 ob-

138 3370 364 3432 liquitas,
405 3386 530 3433 quae
571 3372 840 3434 quadrante
880 3376 941 3423 ab
981 3377 1321 3438 aequinocti0,
1368 3391 1435 3424 sc.
1478 3377 1522 3423 in
1563 3377 1715 3425 limite
1764 3384 2007 3436 censetur,
2058 3383 2131 3425 est
2169 3379 2395 3427 maxima.

36 3427 38 3434 ’
95 3483 98 3487 .
139 3443 219 3492 Ita
259 3443 337 3493 vel
377 3446 658 3505 quiescente
707 3446 836 3495 nodo
890 3453 1051 3496 tamen
1104 3448 1282 3497 accidit
1332 3451 1537 3498 mutatio
1587 3449 1890 3512 obliquitatis
1931 3465 1987 3499 ex
2026 3449 2133 3499 sola
2172 3465 2397 3513 praeces-

140 3518 294 3566 sione.
373 3515 469 3564 Sed
509 3531 604 3565 non
646 3525 892 3567 mutantur
930 3520 1177 3568 stellarum
1216 3520 1528 3581 latitudines,
1568 3535 1664 3571 non
1705 3524 1920 3571 variatur
1958 3524 2065 3586 ipsa
2103 3526 2393 3586 praecessio,

47 3586 51 3593 ’
141 3588 296 3638 Nodis
337 3602 452 3637 vero
491 3590 927 3652 progredientibus,
967 3592 1217 3640 stellarum
1272 3592 1553 3643 latitudines
1592 3609 1740 3658 prope
1789 3595 1943 3644 nodos
1995 3598 2257 3646 variantur.
2337 3598 2399 3647 Et

140 3669 260 3711 tunc
298 3676 618 3724 quaecunque
657 3678 767 3725 pars
809 3665 921 3711 anni
961 3665 1008 3711 in
1050 3665 1204 3714 nodos
1243 3668 1488 3728 competit,
1528 3667 1581 3715 fit
1619 3669 1664 3715 in
1705 3682 1802 3716 uno
1846 3669 1973 3718 nodo
2013 3668 2203 3730 longior
2242 3685 2397 3720 annus

141 3734 204 3783 ab
244 3749 301 3784 eo
341 3735 572 3793 termino,
627 3737 672 3783 in
713 3735 867 3786 altero
907 3737 1123 3795 brevior,
1176 3745 1312 3802 parte
1351 3741 1539 3788 interim
1598 3740 1867 3803 quadrante
1922 3741 2130 3792 distante
2184 3743 2394 3792 mediam

141 3810 254 3856 anni
295 3807 647 3869 longitudinem
688 3807 960 3858 definiente.
1035 3810 1149 3859 Jam
1191 3813 1305 3874 quia
1355 3812 1464 3862 inde
1502 3828 1532 3861 a
1570 3813 1852 3863 Ptolemaeo
1901 3814 2184 3866 solstitiales
2223 3816 2394 3867 stellae

140 3880 448 3931 latitudinem
487 3887 749 3944 mutarunt,
789 3896 904 3947 ergo
945 3898 1033 3933 nos
1073 3886 1194 3934 inter
1233 3890 1281 3934 et
1318 3884 1653 3936 Ptolemaeum
1691 3887 1902 3939 solstitia
1929 3889 1978 3937 in
2004 3889 2145 3941 nodis
2173 3891 2393 3943 confecta
