2652 4088
298 179 408 237 274
893 178 1179 226 Collectanea
1206 190 1265 224 ex
1295 178 1523 226 codicibus
1551 174 1944 250 Pulkoviensibus.
2003 199 2005 201 ·

468 324 522 369 In
551 323 667 370 libro
696 323 797 380 ipso
820 323 1021 383 Scaliger
1048 324 1126 368 illa
1155 323 1359 381 pluribus
1391 323 1620 382 explicare
1649 337 1732 369 nec
1761 336 1854 368 non
1883 320 2190 366 demonstrare
2210 319 2376 375 studet,
2406 331 2537 377 prae-

297 389 445 435 missis
477 388 851 446 explicationibus
882 402 1060 448 eorum,
1093 390 1255 446 quibus
1285 390 1356 436 usi
1386 395 1493 436 sunt
1521 396 1697 436 veteres
1728 391 1935 444 interque
1966 398 2044 430 eos
2073 385 2317 442 praecipue
2344 385 2537 443 Hippar-

295 454 405 499 chus
446 453 494 498 in
533 453 893 501 demonstrandis
937 455 1049 501 locis
1088 456 1296 504 fixarum.
1361 457 1670 514 Hipparchum
1710 456 1818 500 dicit
1858 450 2162 508 longitudines
2203 456 2250 495 et
2277 449 2538 495 latitudines

294 519 525 565 stellarum
546 521 605 565 ad
626 527 939 579 aequatorem‚
971 534 1062 565 non
1093 522 1150 566 ad
1182 522 1435 579 eclipticam
1454 521 1690 579 retulisse3
1724 520 1829 577 quia
1858 531 1963 562 vero
1994 519 2214 572 aequator
2244 530 2271 561 a
2301 514 2464 559 coluris
2491 514 2540 557 111

294 589 448 642 1181188
478 586 709 642 aequales,
758 586 968 643 ecliptica
1008 592 1160 632 autem
1189 588 1236 632 in
1265 587 1525 644 inaequales
1554 593 1709 644 partes
1753 587 1954 637 secetur,
1995 586 2263 639 „propterea
2302 580 2539 624 dodecate-

294 651 435 695 moria
465 651 673 707 paralleli
703 652 863 697 stellae
894 665 1123 709 nunquam
1155 653 1424 698 convenient
1451 650 1826 698 dodecatemoriis
1858 647 2108 704 eclipticae,
2138 647 2226 691 nisi
2253 646 2301 689 in
2332 646 2361 690 4
2382 645 2541 690 sectio-

292 714 423 760 nibus
453 716 838 772 aequinoctiorum
870 721 915 761 et
942 717 1215 774 tropicorum
1244 731 1340 774 pun
1408 767 1410 770 ,
1448 719 1461 725 “’
1515 721 1559 763 ⁸.
1599 717 1764 762 Omnes
1794 715 1954 771 itaque
1982 712 2245 756 latitudines
2275 715 2322 756 et
2348 709 2541 765 longitu-

294 779 421 826 dines
455 781 687 827 stellarum
718 782 963 828 secundum
992 783 1304 840 Hipparchum
1339 796 1371 828 n
1549 782 1864 839 cognationem
1901 778 2070 823 habere
2111 790 2211 822 cum
2241 774 2541 830 Ρ101811181018,

297 858 400 890 011111
428 846 716 893 Ptolemaeus
746 847 965 905 parallelo
997 848 1232 905 eclipticae
1263 853 1430 894 utatur.
1485 849 1556 895 De
1588 846 1760 906 origine
1793 845 2022 900 „theoriae
2062 843 2294 889 stellarum
2322 842 2539 887 fixarum“

291 925 430 969 agens
453 918 597 958 ortam
618 927 719 960 esse
740 913 847 959 dicit
863 915 1172 972 „opinionem“
1198 915 1252 960 de
1275 914 1478 961 solstitiis
1500 928 1600 959 cum
1621 913 1731 971 ipsis
1753 911 2115 969 olympiadibus,
2147 909 2382 954 Thaletem
2403 906 2542 963 scrip-

292 976 406 1023 sisse
437 977 494 1023 de
523 980 820 1036 aequinoctiis
852 985 896 1025 et
927 981 1155 1037 solstitiis,
1186 980 1570 1027 Anaximandrum
1601 978 1891 1036 gnomonicas
1921 978 2118 1022 rationes
2148 975 2372 1019 invenisse
2403 986 2441 1017 c.
2474 972 2542 1017 Ol.

291 1042 456 1099 LVIII,
488 1044 791 1090 Cleostratum
820 1045 1056 1092 zodiacum
1087 1047 1294 1092 divisisse
1323 1047 1369 1090 in
1401 1046 1457 1091 12
1489 1046 1618 1102 signa
1640 1059 1679 1090 c.
1703 1044 1769 1088 Ol.
1790 1043 1930 1099 LXX,
1960 1044 2190 1088 Metonem
2212 1042 2269 1086 70
2288 1044 2393 1096 post
2414 1037 2543 1083 annis

292 1077 534 1155 solstitium
557 1111 840 1169 observasse,
877 1126 1005 1166 „cum
1029 1113 1124 1169 jam
1146 1127 1235 1158 una
1254 1119 1385 1171 parte
1406 1126 1433 1157 a
1453 1118 1657 1168 tempore
1689 1078 1930 1156 Cleostrati
1951 1106 2310 1161 antevertisset“‚
2341 1110 2544 1162 tempore

288 1175 470 1221 Eudoxi
501 1176 697 1234 denique
729 1178 818 1235 (01.
853 1145 964 1236 CnV.)
1007 1181 1061 1236 „6
1091 1178 1304 1235 gradibus
1336 1179 1392 1223 ab
1426 1177 1691 1236 Olympiade
1731 1176 1988 1233 praecessio
2019 1175 2139 1219 facta
2171 1177 2287 1221 8181
2320 1171 2364 1215 11.
2397 1183 2435 1216 8.
2465 1170 2547 1214 14⁰

290 1240 509 1287 absolutis
540 1244 597 1288 ab
618 1244 663 1289 8
691 1249 824 1301 118118
843 1244 980 1300 prisci
1003 1241 1352 1288 dodecatemorii
1385 1243 1585 1302 Cancri“.
1635 1243 1906 1288 Accuratius
1943 1240 2242 1297 investigasse
2271 1225 2443 1294 puncta

289 1307 582 1364 quinoctialia
612 1314 659 1354 et
687 1311 862 1371 tropica
890 1315 996 1367 post
1026 1307 1270 1354 Eudoxum
1292 1299 1604 1355 Timocharem
1634 1314 1681 1354 et
1699 1307 1980 1365 Aristyllum,
2016 1312 2094 1359 „ut
2123 1304 2363 1350 distantias
2498 1291 2545 1347 a·
2567 1280 2618 1355 1

288 1386 390 1417 111111
420 1386 447 1418 8
477 1374 677 1420 sectione
707 1388 845 1420 verna
876 1373 1213 1433 deprehendere
1242 1375 1473 1431 possent“.
1527 1374 1800 1430 Cognovisse
1831 1373 1931 1429 hos,
1965 1371 2118 1417 stellas
2150 1384 2241 1416 non
2270 1367 2460 1414 eandem
2480 1352 2544 1412 di-

290 1438 502 1484 stantiam
542 1440 599 1485 ab
640 1445 887 1496 aequatore
926 1454 1122 1500 servare,
1167 1456 1303 1499 quam
1345 1442 1411 1487 eis
1454 1442 1675 1487 Eudoxus
1718 1440 2027 1497 assignaverit.
2087 1437 2231 1483 Annis
2274 1437 2355 1482 170
2384 1438 2546 1492 postea

289 1502 603 1561 Hipparchum
632 1505 812 1550 illorum
842 1506 1182 1554 observationes
1212 1522 1314 1553 cum
1345 1509 1438 1554 suis
1470 1511 1803 1564 comparantem
1835 1505 2226 1560 animadvertisse,
2269 1501 2424 1547 stellas
2455 1513 2547 1543 11011

290 1568 479 1613 8811118111
508 1570 816 1629 latitudinem,
856 1572 903 1617 h.
937 1585 973 1618 8.
1015 1573 1275 1620 distantiam
1318 1575 1373 1620 ab
1413 1579 1658 1631 aequatore
1688 1579 1864 1630 tenere,
1910 1585 2044 1629 quam
2086 1571 2154 1615 illi
2193 1567 2543 1616 observaverint.

285 1634 461 1680 Motum
490 1636 614 1682 hunc
645 1638 764 1683 circa
793 1637 950 1694 polum
968 1639 1215 1698 eclipticae‚
1247 1654 1339 1685 non
1369 1641 1489 1685 circa
1509 1639 1662 1696 polum
1685 1639 1943 1696 aequatoris
1970 1638 2082 1696 fieri,
2102 1635 2411 1695 Hipparchum
2442 1646 2545 1678 con·
2603 1677 2610 1687 ,

288 1700 468 1747 cludere
497 1702 706 1761 idemque
737 1704 966 1750 affirmare
996 1705 1319 1762 Ptolemaeum,
1351 1705 1428 1762 qui
1456 1705 1628 1762 primus
1647 1704 1910 1750 latitudines
1933 1704 2166 1750 stellarum
2188 1716 2279 1747 non
2301 1701 2356 1747 ab
2385 1710 2547 1756 aequa-

285 1773 400 1824 tore,
434 1769 515 1814 sed
544 1769 601 1814 ab
632 1770 842 1829 ecliptica
872 1773 1115 1830 capiendas
1150 1785 1250 1816 esse
1282 1771 1522 1819 censuerit.
1587 1771 1730 1825 „Hinc
1761 1769 1849 1816 duo
1882 1777 1986 1817 sunt
2024 1777 2133 1817 nata
2173 1770 2371 1826 diversa,
2415 1764 2546 1811 decli-

285 1834 408 1879 natio
440 1835 601 1880 stellae
633 1835 690 1881 ab
722 1837 1055 1894 aequinoctiali,
1087 1844 1133 1884 81
1161 1837 1354 1883 latitudo
1388 1836 1445 1882 ab
1478 1837 1705 1894 ecliptica·
1756 1837 1825 1881 Ab
1858 1851 1911 1882 eo
1942 1843 2145 1894 tempore
2176 1834 2234 1880 ad
2263 1834 2380 1879 hanc
2404 1842 2547 1888 usque
2607 1867 2609 1870 Α

286 1899 403 1944 1118111
433 1900 520 1946 1188
552 1902 836 1948 definitiones
867 1903 914 1948 in
953 1919 1038 1950 usu
1078 1908 1225 1950 sunt.“
1286 1903 1598 1949 Ptolemaeum
1636 1902 1843 1948 docuisse
1886 1907 2058 1946 motum
2095 1901 2317 1958 sphaerae
2355 1897 2548 1942 fixarum
2607 1933 2608 1939 ,

282 1965 331 2010 111
361 1967 687 2023 consequentia
718 1980 876 2013 versus
898 1969 1128 2016 orientem.
1181 1968 1382 2026 Scaliger
1403 1972 1575 2025 contra,
1607 1968 1841 2014 affirmans
1863 1968 2043 2014 stellam
2065 1973 2313 2013 extremam
2335 1965 2381 2009 in
2403 1961 2548 2009 cauda

286 2032 430 2078 Ursae
460 2033 645 2079 minoris
675 2034 722 2079 in
753 2034 912 2079 eodem
942 2049 1121 2095 semper
1149 2036 1353 2082 haesisse
1383 2034 1502 2091 loco,
1533 2035 1639 2080 hinc
1661 2034 1906 2092 concludit,
1939 2033 2095 2080 stellas
2122 2033 2192 2088 „in
2224 2029 2548 2087 consequentia
2604 2086 2606 2090 ὗ

285 2110 377 2143 11011
406 2099 616 2145 moveri.“
681 2100 799 2157 Quid
836 2114 979 2159 nunc,
1020 2102 1190 2160 pergit,
1229 2102 1406 2148 hiscere
1437 2100 1686 2160 audebunt,
1728 2101 1806 2158 qui
1835 2107 1929 2147 tam
1958 2100 2249 2159 pertinaciter
2280 2097 2546 2152 defendunt,

284 2163 409 2220 quod
438 2165 677 2222 ignorant?
727 2167 843 2213 Nam
873 2169 1078 2225 profecto
1109 2182 1201 2214 non
1233 2167 1354 2226 quod
1385 2167 1530 2213 sciant
1559 2170 1704 2224 certo,
1737 2167 1879 2213 ullum
1909 2166 2129 2225 sphaerae
2161 2170 2346 2212 octavae
2375 2168 2547 2208 motum
2602 2205 2607 2216 ,

284 2231 333 2274 111
361 2234 683 2289 consequentia
714 2247 828 2291 esse,
859 2235 922 2280 ita
953 2235 1239 2293 praedicant,
1271 2234 1352 2280 sed
1384 2234 1490 2291 quia
1519 2233 1584 2278 ita
1617 2234 1748 2290 pueri
1781 2233 2056 2290 didicerunt,
2090 2245 2207 2289 quae
2237 2243 2368 2277 senes
2399 2229 2546 2274 dedis·
2603 2251 2607 2291 7

288 2308 390 2341 cere
421 2297 577 2354 pudet.
640 2298 865 2356 Quicquid
896 2301 1174 2347 eruditorum
1204 2299 1552 2357 Astrologorum
1585 2305 1668 2356 est,
1700 2299 1789 2345 huc
1821 2303 2092 2344 concurrant
2122 2302 2168 2342 et
2199 2309 2355 2343 omnes
2386 2307 2546 2352 operas
2603 2302 2605 2306 ⁴

287 2373 394 2406 suas
425 2362 680 2422 conferant,
721 2370 773 2410 ut
801 2365 930 2412 illum
960 2365 1219 2412 fabulosum
1250 2371 1422 2411 motum
1451 2369 1686 2423 tueantur,
1725 2363 1839 2409 nihil
1871 2370 2020 2422 agent.
2081 2363 2201 2409 Satis
2234 2377 2311 2408 808
2353 2373 2546 2407 summo-

283 2428 408 2473 vebit
437 2430 578 2475 totius
609 2432 850 2478 vetustatis
883 2432 1143 2478 auctoritas.
1201 2433 1328 2477 Haec
1367 2431 1573 2489 pluribus
1616 2437 1886 2488 prosecutus
1920 2430 2122 2486 Scaliger
2150 2428 2464 2486 Hipparchum
2500 2430 2546 2471 et

283 2493 593 2541 Ptolemaeum
636 2502 682 2543 et
717 2511 921 2553 „omnem
962 2498 1294 2554 astrologorum
1331 2498 1586 2544 nationem“
1626 2496 1919 2543 absurditatis
1966 2497 2113 2594 arguit
2152 2501 2198 2541 et
2236 2495 2555 2550 demonstrata

285 2559 466 2618 nititur,
502 2563 817 2618 „aequinoctia
846 2565 893 2609 in
923 2565 1238 2610 antecedentia
1267 2564 1395 2611 niti“.
1427 2591 1483 2598 —
2583 2569 2587 2574 '

463 2627 516 2670 In
556 2629 874 2686 manuscriptis
918 2630 1298 2676 Pulkoviensibus
1345 2629 1724 2686 deprehendimus
1749 2591 2095 2688 fragmentum,
2151 2629 2272 2688 quod
2318 2627 2545 2686 inscripsit

289 2691 533 2749 Keplerus:
580 2694 734 2741 Notae
764 2696 826 2741 ad
857 2696 1080 2754 Scaligeri
1109 2695 1357 2742 diatribam
1377 2696 1433 2741 de
1460 2697 1772 2754 aequinoctiis,
1804 2698 1926 2752 quod
1954 2696 2134 2753 quidem
2167 2709 2259 2741 non
2291 2695 2348 2741 ad
2377 2695 2545 2740 calcem
2586 2735 2590 2744 ,

288 2758 559 2816 perductum
595 2774 744 2818 neque
782 2763 1075 2820 undiquaque
1112 2762 1365 2819 perfectum
1405 2767 1450 2806 et
1479 2762 1537 2806 ad
1575 2767 1734 2820 typum
1771 2770 2091 2820 praeparatum
2130 2769 2219 2820 est,
2259 2775 2408 2819 neque
2439 2775 2543 2807 vero
2592 2797 2594 2801 .

287 2829 464 2870 tantum
493 2826 551 2871 ad
579 2826 779 2884 privatos
809 2841 919 2873 usus
951 2828 1256 2885 conscriptum
1276 2827 1466 2884 videtur,
1498 2826 1580 2873 sed
1610 2827 1731 2884 quod
1759 2830 2060 2875 commodiore
2090 2830 2209 2875 forte
2239 2835 2443 2886 tempore
2473 2841 2544 2874 ac·
2589 2887 2591 2892 ἲ

291 2891 491 2936 0111811118
521 2890 841 2938 elaborandum
871 2893 957 2938 sibi
982 2894 1221 2950 proposuit
1250 2893 1490 2950 Keplerus.
1543 2893 1642 2949 Quo
1674 2898 1876 2952 tempore
1898 2895 2166 2952 conscripsit
2195 2893 2396 2940 libellum
2426 2893 2545 2938 hunc
2584 2911 2592 2926 ι
2619 2918 2652 2952 ‘÷

288 2956 530 3015 Keplerus,
563 2971 656 3003 non
685 2958 821 3015 plane
852 2964 1043 3016 constat,
1076 2960 1295 3016 inspectis
1326 2972 1431 3004 vero
1464 2959 1670 3004 Jesuitae
1702 2961 1843 3006 Curtii
1873 2960 2030 3018 literis,
2064 2960 2181 3005 datis
2212 2959 2419 3015 Dilingae
2440 2957 2482 3003 d.
2505 2959 2547 3005 3.
2650 3007 2652 3025 1

290 3023 416 3080 Sept.
450 3023 584 3082 1627,
625 3037 716 3069 non
759 3025 856 3071 81118
886 3025 1087 3071 veritatis
1126 3025 1277 3082 specie
1308 3024 1604 3081 affirmamus,
1650 3028 1960 3084 conscriptum
1994 3040 2093 3072 esse
2122 3040 2206 3084 per
2235 3040 2402 3072 annum
2432 3023 2547 3072 1627
2591 3056 2605 3082 ·.

288 3090 463 3136 Ulmae.
512 3090 639 3136 Haec
671 3091 788 3136 enim
818 3091 1010 3148 legimus
1038 3092 1085 3136 in
1114 3092 1186 3136 his
1207 3092 1372 3137 literis:
1403 3092 1561 3148 Nuper
1584 3091 1745 3148 jussus
1767 3105 1865 3138 sum
1888 3107 1945 3139 ex
1974 3099 2021 3139 te
2050 3106 2336 3151 cognoscere,
2367 3095 2415 3138 in
2437 3095 2546 3149 quot

289 3155 479 3212 paginas
519 3161 599 3201 aut
638 3158 958 3212 quaterniones
998 3157 1183 3216 scriptio
1220 3159 1298 3204 illa
1339 3157 1860 3215 antiscaligeriana
1901 3167 2127 3207 excurrat.
2208 3160 2262 3205 Id
2299 3173 2434 3218 spero
2474 3170 2580 3215 me,
2628 3159 2641 3213 ᾗ

288 3221 494 3278 proxime
521 3221 869 3268 intellecturum.
901 3250 958 3257 —
2580 3231 2589 3244 ⁸
2619 3225 2622 3230 '

464 3286 688 3343 Keplerus
718 3288 951 3334 exorditur
980 3303 1007 3335 a
1035 3290 1146 3337 folio
1180 3292 1247 3337 11.
1278 3290 1513 3348 Scaligeri,
1547 3290 1755 3337 dicentis:
1798 3293 1932 3339 Nunc
1962 3293 2019 3338 ad
2051 3307 2149 3339 eam
2178 3295 2354 3350 partem
2382 3302 2543 3348 perga-

289 3365 404 3410 mus,
437 3365 554 3409 quae
585 3357 655 3398 est
686 3351 742 3397 de
773 3353 945 3411 origine
975 3355 1178 3403 theoriae
1209 3357 1443 3404 stellarum
1472 3356 1687 3415 fixarum,
1726 3357 1773 3405 h'.
1807 3371 1831 3403 e
1863 3359 2042 3416 quando
2073 3359 2264 3416 primum
2295 3357 2456 3417 Graeci
2485 3350 2543 3400 ad

289 3419 685 3474 investigationum
715 3419 851 3476 hujus
881 3421 948 3466 rei
978 3425 1174 3469 animum
1204 3425 1500 3482 appulerunt,
1530 3423 1601 3467 vel
1632 3429 1683 3468 ut
1711 3425 1837 3482 ipsos
1869 3426 2131 3471 asterismos
2163 3424 2434 3478 formarent,
2471 3417 2543 3465 vel
2631 3470 2633 3479 Α

287 3486 518 3543 ingressus
551 3486 669 3531 Solis
699 3487 746 3532 in
777 3488 908 3544 signa
938 3488 1252 3548 observarent,
1296 3489 1415 3535 unde
1444 3487 1613 3547 pendet
1656 3490 1862 3536 doctrina
1891 3490 2286 3547 aequinoctialium
2316 3493 2362 3533 et
2390 3483 2541 3532 solsti-

289 3551 455 3598 tiorum
496 3557 780 3609 punctorum
843 3554 890 3599 Si
920 3555 1181 3601 asterismos
1218 3557 1344 3614 ipsos
1385 3555 1747 3614 consideremus,
1793 3557 2098 3603 vetustissima
2135 3568 2210 3600 res
2249 3558 2320 3600 est
2352 3558 2397 3597 et
2428 3560 2542 3608 quae
2626 3558 2631 3610 'j

292 3631 467 3662 omnem
494 3619 711 3675 temporis
741 3620 878 3676 prisci
907 3623 1167 3667 memoriam
1198 3628 1398 3680 superat.
1449 3622 1566 3668 Nam
1596 3627 1701 3666 ante
1724 3621 2035 3681 Olympiadem
2063 3622 2252 3680 primam
2283 3616 2541 3665 coelestium
2617 3617 2629 3658 f:

291 3683 534 3729 formarum
563 3685 744 3730 nomina
783 3693 936 3746 erant,
979 3694 1140 3745 utpote
1181 3702 1371 3747 quarum
1401 3688 1694 3734 vetustissimi
1724 3688 1999 3734 Graecorum
2029 3688 2227 3734 omnium
2257 3684 2538 3743 scriptorum,
2599 3715 2606 3722 ,‚

290 3748 512 3795 Homerus
544 3755 589 3795 et
617 3751 846 3797 Hesiodus
875 3754 1170 3801 meminerint
1219 3755 1283 3799 Et
1312 3754 1494 3812 quidem
1525 3753 1636 3800 satis
1670 3760 1863 3814 constat,
1898 3755 2044 3814 prima
2071 3753 2152 3802 illa
2182 3751 2327 3800 fuisse
2356 3745 2539 3796 infantis

292 3813 560 3871 astrologiae
590 3816 713 3874 apud
741 3819 917 3876 priscos
949 3819 1146 3869 Graecos
1175 3821 1440 3869 rudimenta.
