2652 4088
1028 145 1065 191 Ι.
1096 144 1432 191 Mathematica.
2250 145 2354 201 175

47 284 50 290 ’
93 297 276 346 lineam
325 295 749 356 descenderemus,
790 295 1128 358 cognoscendo
1178 297 1400 359 subjecto
1450 301 1498 343 et
1536 295 1754 358 angulis,
1811 293 2186 344 demonstrando
2241 309 2355 343 vero

96 369 467 420 ascenderemus
499 368 718 431 nihilque
757 369 988 416 sciremus
1015 368 1074 417 de
1101 369 1355 432 sphaerico
1394 370 1486 416 nisi
1527 383 1586 417 ex
1611 376 1771 432 rect03
1812 368 1898 416 sed
1937 374 2037 416 tum
2077 367 2194 431 quid
2234 381 2356 432 opus

95 450 224 492 esset
262 444 537 505 cognitione
576 441 862 505 angulorum
900 441 1170 503 trianguli?
1229 444 1356 505 Ergo
1383 444 1425 490 si
1451 441 1655 490 eandem
1695 443 1920 504 utrinque
1958 440 2240 490 methodum
2278 443 2356 488 in-

94 518 400 565 stitueremus
438 522 585 577 atque
625 516 771 563 etiam
811 513 1084 563 definiendo
1123 516 1494 564 ascenderemus
1534 514 1595 562 ad
1638 513 1984 578 sphaericum?
2047 515 2113 562 At
2152 515 2222 563 sic
2259 529 2357 562 non

94 596 222 637 esset
269 591 459 637 initium
498 603 529 636 a
565 587 834 652 sphaeric0.
912 587 1053 648 Esto,
1109 603 1207 637 non
1245 590 1309 638 sit
1347 589 1663 651 cognitioniS,
1719 587 1980 636 dummodo
2019 594 2248 649 naturae,
2302 593 2357 636 ut

93 663 242 711 etiam
277 663 327 708 in
367 661 492 709 aliis.

268 734 327 782 In
364 733 564 795 longum
602 732 972 796 procederemus
1000 740 1168 783 contra
1195 740 1434 794 naturam,
1475 734 1523 780 in
1549 733 1702 782 latum
1731 733 1996 782 secundum
2025 747 2146 782 eam.
2210 734 2356 783 Forte

94 813 142 855 et
179 809 227 854 in
268 806 586 855 definitionali
623 808 775 854 mixta
811 806 1107 855 methodus?
1169 807 1293 855 Nam
1334 807 1418 855 ubi
1458 807 1634 854 desinit
1681 806 1974 866 materialis,
2015 809 2352 870 inciperemus,

94 878 237 941 Quod
274 881 367 928 sibi
406 881 498 942 ipsi
536 881 782 940 terminus,
823 881 1084 943 optimum,
1131 888 1243 942 post
1297 879 1427 942 quod
1474 879 1777 942 superficiem
1823 880 1975 928 habet
2022 893 2108 941 pro
2148 882 2352 928 termino

92 953 395 1001 uniformem.
462 951 571 999 Non
600 951 682 1000 diu
707 953 988 1014 procederet
1011 953 1137 1002 haec
1161 955 1298 1003 ratio.
1349 952 1537 1001 Forsan
1576 953 1722 1014 igitur
1761 951 2087 1015 incipiendum
2119 967 2148 1000 a
2174 953 2355 1015 sphae—

93 1027 207 1084 rico,
249 1023 539 1074 veniendum
580 1024 643 1072 ad
680 1023 876 1086 lineam,
914 1024 1233 1089 superficiem,
1276 1025 1513 1087 corpora?
1576 1025 1846 1073 Videamus
1886 1025 2181 1087 exemplum,
2222 1028 2356 1088 prius

98 1100 146 1144 in
183 1097 365 1146 latum:
407 1111 594 1160 aequae
633 1098 776 1146 bases
815 1106 862 1146 et
900 1097 1185 1147 altitudines
1222 1099 1406 1146 faciunt
1444 1113 1627 1160 aequa,
1668 1100 1795 1146 inest
1833 1100 2039 1160 primum
2091 1112 2355 1160 eorumque

93 1171 258 1234 planis
297 1171 421 1219 cubo
475 1178 522 1219 et
560 1169 789 1229 rhomb0,
843 1178 954 1233 post
991 1171 1214 1234 longiori,
1257 1182 1358 1219 tum
1395 1170 1684 1231 rhomboidi‚
1726 1171 2074 1233 quadrangulis
2115 1177 2163 1219 et
2201 1174 2356 1219 trian—

91 1244 193 1307 guli
232 1245 469 1307 partibuS.
533 1243 611 1291 Ita
636 1246 677 1291 si
716 1244 856 1303 cub0‚
897 1259 1011 1306 ergo
1040 1251 1087 1292 et
1112 1244 1370 1307 pyramidi,
1410 1245 1534 1306 parti
1575 1245 1701 1304 cubi,
1743 1244 1881 1306 cujus
1921 1258 2028 1292 cum
2070 1244 2194 1292 cubo
2220 1247 2353 1311 prius

14 1359 16 1364 ,
94 1319 345 1380 proportio
383 1315 737 1378 investigenda.
815 1315 897 1364 Sic
941 1332 1132 1379 semper
1185 1317 1242 1365 de
1282 1325 1439 1377 rect0‚
1495 1331 1561 1365 sc.
1601 1332 1827 1365 mensura
1872 1318 2103 1379 primum,
2158 1323 2205 1365 et
2242 1317 2354 1365 inde

16 1428 17 1431 η
98 1390 347 1451 derivatis,
387 1396 499 1452 post
538 1389 596 1438 de
635 1390 741 1452 ejus
778 1396 930 1451 parte,
973 1390 1182 1452 denique
1222 1390 1281 1439 de
1322 1391 1604 1452 compositis
1644 1404 1702 1438 ex
1728 1390 1965 1453 partibus,
2024 1385 2232 1454 (Valeat
2258 1389 2354 1438 ali-

93 1463 213 1526 quid
251 1464 623 1512 communicatio
663 1464 975 1511 scientiarum
1015 1470 1063 1512 et
1104 1463 1584 1525 demonstrationum,
1624 1478 1714 1513 nec
1742 1464 1906 1512 omnia
1943 1465 1992 1510 in
2029 1477 2180 1511 unum
2207 1464 2355 1512 chaos

18 1581 19 1585 ,
93 1550 202 1586 cum
242 1535 464 1585 Cardano
503 1531 812 1603 referantur.)

237 1608 550 1659 'Geometria
588 1608 781 1658 videtur
817 1607 1036 1671 profiteri
1075 1610 1502 1672 investigationem
1542 1611 1868 1672 proportionis
1918 1609 2132 1657 omnium
2172 1623 2353 1670 eorum,

20 1728 21 1732 ,
95 1696 221 1746 quae
268 1682 410 1732 aliter
461 1697 568 1731 esse
605 1697 703 1731 non
750 1689 969 1745 possunt.
1046 1678 1113 1731 Ut
1150 1683 1198 1728 in
1239 1685 1369 1731 omni
1417 1682 1661 1746 triangulo
1713 1684 1865 1732 tribus
1912 1684 2112 1745 positis,
2168 1683 2359 1744 reliqua

21 1795 23 1813 2
92 1769 292 1814 necesse
331 1762 406 1805 est
444 1770 566 1804 esse.
644 1755 803 1819 Saepe
855 1754 1079 1804 videmus
1128 1754 1267 1804 aliter
1314 1755 1499 1818 aliquid
1540 1771 1645 1805 esse
1685 1771 1781 1803 non
1828 1770 2001 1819 posse,
2054 1755 2142 1803 sed
2192 1762 2356 1804 tamen

93 1830 336 1878 nescimus
371 1830 503 1877 viam
542 1844 599 1878 eo
634 1828 964 1892 perveniendi.
1027 1828 1313 1890 Subjectum
1351 1831 1499 1891 igitur
1536 1831 1834 1891 geometriae
1876 1836 1950 1877 est
1989 1831 2143 1877 omnis
2182 1828 2351 1891 figura,

100 1903 171 1950 sic
210 1901 466 1965 descripta,
506 1910 560 1950 ut
597 1902 857 1965 singularis
895 1907 1084 1950 tantum
1120 1904 1199 1954 sit.
1266 1900 1472 1964 Quoties
1512 1904 1640 1952 enim
1678 1905 1748 1952 ita
1774 1903 2074 1964 describitur,
2114 1908 2168 1950 ut
2193 1902 2356 1965 plures

24 1965 25 1993 ³
101 1989 207 2025 esse
243 1977 446 2040 possint,
486 1976 578 2024 sub
617 1977 917 2029 mensionem
951 1989 1050 2024 non
1090 1974 1234 2023 cadit.

1247 2048 1323 2097 De
1361 2048 1620 2100 materiali.

1246 2122 1322 2170 De
1362 2121 1552 2171 formali
1590 2123 1638 2169 in
1680 2127 1853 2185 quarta
1890 2123 2053 2186 specie
2086 2121 2354 2186 qualitatis„

834 2193 1158 2255 Geometrica,
1198 2196 1403 2244 scientia
1439 2197 1821 2259 proportionum.

266 2121 344 2171 De
382 2121 738 2185 quantitatibus
785 2047 1176 2261 {Metaphysiea

271 2267 523 2317 Hactenus
563 2266 711 2330 plana
749 2268 1015 2329 rectilinea,
1057 2268 1336 2317 differantur
1373 2271 1524 2317 mixta
1563 2268 1793 2318 aliorsum
1834 2274 1882 2318 et
1910 2271 2132 2318 veniatur
2169 2268 2232 2317 ad
2271 2283 2355 2317 so-

29 2341 32 2376 l
92 2339 196 2390 lida
233 2348 378 2393 recta.
451 2341 620 2389 Planis
673 2342 821 2404 igitur
871 2342 1047 2390 accidit
1093 2341 1393 2404 parallelitas
1447 2343 1704 2405 perfectior
1744 2350 1791 2392 et
1829 2356 2090 2390 concursus
2144 2342 2354 2406 plurium

96 2428 240 2478 quam
280 2414 484 2463 duorum
525 2414 795 2478 planorum.
876 2414 1142 2464 Generatio
1181 2415 1234 2463 fit
1272 2415 1508 2478 parallelo
1551 2415 1723 2476 duem,
1772 2422 2003 2479 generata
2041 2415 2162 2464 fiunt
2201 2430 2355 2478 quae-

97 2485 224 2548 dam,
265 2488 506 2551 quaedam
545 2494 694 2549 secta,
736 2489 976 2550 quaedam
1016 2491 1301 2551 composita.
1364 2488 1717 2538 Generatorum
1755 2489 1877 2537 fiunt
1915 2488 2137 2552 singulae
2165 2490 2355 2537 basium

33 2573 35 2579 ⁴
95 2557 252 2610 lineae
292 2560 641 2624 quadrangula.
722 2561 1096 2622 Persectissima,
1143 2577 1268 2625 quae
1308 2569 1438 2611 recto
1479 2563 1659 2626 angulo
1701 2571 1749 2612 et
1788 2577 1913 2625 quae
1954 2563 2193 2626 quadrata
2231 2563 2355 2624 basi,

94 2640 207 2697 post
244 2649 371 2697 quae
415 2634 753 2696 quadrangula
792 2636 1020 2698 oblonga,
1063 2635 1174 2683 inde
1212 2637 1482 2698 sequentia.

268 2707 477 2757 Iniretur
514 2707 681 2770 aliqua
719 2708 831 2757 talis
868 2711 1015 2757 ratio:
1056 2706 1214 2770 linea,
1254 2724 1339 2772 per
1378 2725 1524 2771 quam
1551 2708 1743 2758 ducitur
1773 2707 2036 2770 altera,‘si
2074 2709 2252 2756 insistit
2291 2707 2354 2756 ad

93 2784 263 2840 lecton,
303 2780 425 2829 fiunt
460 2780 769 2843 rectangula,
821 2797 1026 2845 quorum
1066 2781 1287 2831 diametri
1340 2783 1596 2845 aequales3
1645 2785 1684 2831 si
1741 2782 1959 2845 aequalis
2008 2787 2081 2830 est
2123 2783 2350 2829 insistens

96 2849 289 2914 ductae,
328 2854 382 2902 fit
420 2853 733 2917 quadratum;
784 2857 858 2903 sin
896 2855 1191 2918 inaequalis,
1231 2855 1284 2904 fit
1323 2855 1602 2918 oblongum.
1681 2857 1758 2904 Ab
1799 2854 1991 2918 angulis
2031 2853 2224 2917 singula
2264 2854 2353 2902 de-

92 2925 304 2988 pendent
356 2926 720 2990 obliquangula.
797 2928 922 2977 Nam
973 2930 1014 2977 si
1066 2929 1287 2991 aequalis
1339 2930 1590 2992 subJectae
1642 2931 1846 2989 insistit,
1901 2927 1954 2975 fit
2005 2943 2064 2977 ex
2112 2926 2348 2989 quadrato

93 2996 343 3061 rhombus,
374 3015 580 3063 quorum
617 3001 1008 3063 perfectissimus,
1049 3002 1187 3064 cujus
1226 3001 1444 3050 alterutri
1471 3004 1803 3065 oppositorum
1843 3000 2023 3049 distant
2048 3000 2212 3048 latere.
2265 2999 2351 3047 Sin

93 3070 380 3135 inaequalis,
419 3073 474 3123 fit
509 3088 568 3123 ex
595 3075 808 3137 oblongo
845 3074 1183 3136 rhomboides,
1226 3089 1431 3138 quorum
1468 3076 1887 3138 perfectissimum,
1930 3074 2067 3137 cujus
2106 3087 2203 3120 una
2242 3072 2351 3121 dia-

94 3150 245 3196 meter
280 3153 461 3211 aequat
497 3146 639 3196 latus.

643 3424 1030 3492 Institutionum
1078 3423 1518 3491 Geometricarum
1566 3423 1695 3491 liber
1740 3421 1806 3491 11.

911 3552 995 3597 De
1034 3554 1166 3597 ortu
1201 3552 1527 3607 figurarum.

268 3650 499 3710 Primum,
541 3648 659 3712 quid
685 3651 749 3699 sit
774 3648 944 3712 figura,
984 3664 1042 3699 ex
1083 3657 1256 3713 quarta
1294 3651 1454 3713 specie
1482 3649 1747 3711 qualitatis.
1775 3675 1844 3685 —
1870 3646 2150 3699 Terminata
2188 3665 2347 3715 quan-

45 3764 48 3776 .
102 3721 240 3773 ritate
279 3725 541 3785 quantitas

270 3795 430 3844 Causa
466 3795 784 3857 figurationis.
859 3792 1162 3856 Magnitudo.
1240 3794 1402 3843 Curva
1449 3800 1498 3843 et
1535 3799 1663 3843 recta
1702 3799 1748 3843 et
1787 3797 2070 3860 composita,
2112 3812 2169 3846 ex
2207 3804 2344 3846 utra-

13 3884 51 3934 ²⁴
98 3876 191 3931 que
242 3870 410 3919 mixta.
496 3867 658 3917 Curva
707 3881 761 3916 se
811 3867 967 3932 ipsam
1023 3868 1263 3917 terminat.
1352 3866 1527 3931 (Nota,
1585 3869 1869 3931 quantitatis
1931 3871 2177 3935 proprium
2234 3885 2341 3922 esse
