2652 4088
1013 192 1017 195 ⁵
1048 201 1085 248 I.
1115 194 1457 248 Mathematica..
2274 194 2377 260 179

123 351 282 401 cubici
307 351 355 421 »ξ
392 350 452 401 (16
487 349 624 400 16(110
650 344 1009 414 circumscripti,
1050 366 1116 402 sc
1150 351 1452 437 6666666ξ,
1493 365 1608 416 ergo
1648 352 1870 415 potentia
1908 356 1982 400 est
2013 349 2038 381 4
2069 349 2128 400 (16
2118 353 2376 458 ontentia

122 424 249 473 radii
278 429 342 473 10
371 460 384 472 .
412 462 423 473 .
454 461 467 473 .
493 463 506 476 .
580 425 648 474 At
690 426 910 488 potentia
957 424 1122 474 lateris
1159 427 1208 473 in
1247 427 1353 475 basi
1394 432 1468 475 est
1504 423 1540 494 3
1581 425 1639 474 de
1677 424 1772 474 hoc
1819 424 1956 473 radio
1995 423 2142 473 11612
2132 425 2209 494 3²,
2261 440 2375 489 ergo

120 498 342 562 potentia
378 496 647 547 altitudinis
698 503 771 547 63(
818 498 833 528 ¹
881 497 940 546 (16
978 500 1200 561 potentia
1250 498 1417 548 lateris
1467 458 1540 544 ins
1564 499 1687 551 basi.
1759 497 1857 547 Sed
1908 499 2107 560 propius
2147 513 2375 562 agamus:

127 571 412 620 16329932
454 570 538 619 dat
573 569 611 640 ξ-
647 569 707 620 (16
750 576 830 632 10,
872 570 990 634 quid
1030 571 1321 620 4782926‘?
1359 571 1419 620 R.
1463 575 1689 631 195261,
1733 570 1941 620 altitudo
1980 574 2154 620 resecti
2194 572 2377 635 anguli.

123 643 206 692 Sic
244 646 492 694 8047379
545 643 712 692 radius
762 645 980 707 inscripti
1033 645 1287 708 triangulis
1334 643 1595 707 respondet
1642 645 1988 707 circumscripti
2040 645 2165 693 cubo
2220 646 2376 695 1000.

122 715 240 766 Jam
277 717 314 786 3
353 716 413 767 de
451 716 840 780 perpendiculari
892 717 1122 781 trianguli
1173 717 1366 780 adjecta
1411 718 1524 766 huic
1573 718 1697 766 radii
1745 719 1965 780 inscripti
2002 719 2252 781 potentiae
2293 718 2378 767 dat

121 793 393 852 potentiam
440 792 785 853 circumscripti
824 789 1031 853 angulis,
1106 790 1164 838 Id
1206 797 1257 839 ut
1297 789 1596 839 commodius
1645 790 1754 850 fiat,
1811 806 2016 854 agamus
2064 793 2377 853 geometrice.

124 862 354 911 Potentia
379 861 468 910 EG
492 869 565 911 63(
588 862 625 932 -3
651 863 710 912 de
735 867 954 926 potentia
981 864 1226 923 diametri,
1268 866 1489 926 potentia
1516 863 1598 910 ΕΒ
1627 871 1698 911 63(
1725 864 1754 931 3
1784 864 1842 912 de
1868 865 2089 926 potentia
2115 864 2219 924 EG,
2261 879 2375 927 ergo

120 937 159 1006 ‘¹6
195 935 256 984 de
293 937 515 998 potentia
553 935 790 996 diametri,
830 951 895 985 36.
939 937 1008 1006 63
1032 975 1045 987 .
1069 976 1080 989 .
1109 972 1144 997 .,
1195 937 1333 999 cujus
1373 936 1511 984 radix
1547 937 1843 984 irrationalis
1882 937 2134 985 subtracta
2168 938 2230 986 ab
2270 936 2375 998 EG,

121 1008 352 1071 relinquit
377 1009 706 1058 irrationalem
718 1008 810 1058 BG
822 1012 1007 1072 eritque
1034 1017 1082 1059 et
1108 1009 1398 1072 quadratum
1417 1008 1509 1057 BG
1529 1010 1823 1069 irrationale,
1855 1014 2375 1070 11438194561600,

123 1081 328 1145 ejusque
367 1079 567 1143 duplum
604 1083 884 1132 irrationale
923 1088 1069 1134 228.
1140 1084 1413 1145 potentia
1450 1097 1518 1134 36
1559 1082 1642 1129 FB
1683 1082 1762 1131 vel
1801 1082 1906 1143 CB,
1958 1097 2108 1144 quare
2147 1089 2194 1131 et
2231 1083 2380 1145 hujus

121 1169 235 1218 pars
271 1153 551 1215 rationalis,
598 1170 664 1204 sc.
707 1155 766 1224 3,
820 1158 1041 1218 potentia
1078 1170 1124 1204 n
1163 1154 1496 1219 perpendiculi
1546 1156 1595 1203 in
1646 1155 1889 1218 triangulo
1942 1162 2016 1203 est
2069 1156 2379 1204 11·.16(1066116

122 1228 273 1276 Porro
310 1227 346 1266 -2
383 1227 541 1276 116666
579 1227 729 1277 116116(
772 1227 798 1258 4
842 1229 1088 1290 quadrati,
1131 1243 1321 1297 er3go
1291 1227 1316 1258 4
1360 1228 1418 1277 (16
1460 1227 1492 1297 3
1532 1235 1605 1276 est
1630 1224 1679 1295 3,
1720 1230 1791 1276 sic
1830 1234 1878 1277 et
1915 1227 2037 1276 haec
2075 1243 2187 1291 pars
2226 1231 2380 1278 ratio-

122 1301 265 1363 nalis,
305 1267 373 1351 336.
412 1300 445 1370 3
486 1300 545 1349 de
584 1304 806 1364 potentia
843 1302 927 1350 BC
967 1303 1056 1351 erit
1092 1300 1402 1363 irrationalis,
1441 1316 1507 1352 sc
1551 1305 2032 1350 7625463041067

295 1373 373 1422 Ita
418 1377 469 1421 in
521 1389 667 1423 censu
715 1374 839 1423 radii
891 1376 1107 1437 inscripti
1155 1374 1408 1437 triangulis
1457 1390 1565 1423 cum
1612 1376 1831 1437 potentia
1879 1373 2152 1422 altitudinis
2206 1377 2381 1424 resecti

124 1447 355 1509 trianguli
391 1446 447 1495 fit
482 1448 734 1496 rationalis
772 1447 837 1497 ad
874 1446 1041 1497 lateris
1082 1447 1163 1496 CB
1201 1450 1470 1511 potentiam
1508 1447 1861 1508 irrationalem,
1911 1462 1978 1497 sc.
2017 1447 2068 1517 3,
2109 1449 2198 1496 erit
2236 1450 2383 1510 igitur

124 1519 415 1569 irrationalis
461 1523 683 1583 potentia
721 1526 769 1570 et
805 1521 961 1573 radix
1036 1520 1222 1570 Ablata
1261 1536 1375 1584 ergo
1415 1521 1473 1570 de
1512 1520 1739 1570 rationali
1777 1521 1935 1582 11666,
1990 1522 2219 1583 relinquit
2259 1523 2381 1570 irra-

14 1591 16 1606 ¹
83 1607 86 1616 ·
119 1592 369 1644 tioualem.
444 1593 575 1642 Illud
612 1595 781 1643 obiter.
859 1594 980 1643 Cum
1017 1596 1239 1658 potentia
1277 1594 1549 1645 altitudinis
1598 1596 1661 1643 sit
1697 1594 1734 1664 ¹.
1774 1594 1832 1643 de
1871 1595 2091 1657 potentia
2128 1595 2293 1642 lateris
2332 1597 2382 1642 in

121 1667 257 1726 basi,
298 1669 388 1716 erit
427 1669 459 1737 ὲ
498 1667 556 1716 (16
593 1669 812 1731 potentia
850 1667 1000 1729 radii,
1058 1670 1142 1731 qui
1192 1669 1598 1717 circumscribitur
1647 1668 1779 1730 basi,
1833 1675 1881 1717 et
1918 1663 1953 1736 {2-
1992 1667 2138 1729 radii,
2181 1669 2263 1730 qui
2302 1669 2381 1715 in-

120 1741 356 1789 scribitur.

297 1813 551 1863 Curtum
599 1813 991 1864 tetrae'dron.
1068 1813 1230 1877 Hujus
1270 1815 1486 1879 analysis
1531 1811 1689 1862 facilis
1739 1819 1836 1874 est,
1891 1814 2004 1875 quia
2057 1818 2087 1862 4
2135 1814 2380 1876 pelfectae

119 1886 398 1952 pyramides
435 1893 729 1948 resecantur,
769 1903 972 1950 quarum
1000 1886 1128 1936 latus
1168 1893 1246 1936 sat
1272 1894 1345 1937 est
1383 1889 1644 1950 cognitum,
1685 1894 1758 1936 est
1797 1888 1923 1936 enim
1951 1886 1987 1956 -3
2010 1886 2175 1936 lateris
2214 1889 2379 1936 totius,

119 1961 294 2011 Restat
330 1962 477 2023 igitur
513 1960 782 2023 sexangulo
811 1968 858 2010 et
884 1960 1128 2023 triangulo
1168 1975 1424 2010 commune
1462 1961 1591 2009 latus
1629 1959 1680 2029 3.
1745 1960 1933 2009 Lateris
1975 1961 2124 2008 totius
2160 1962 2382 2023 potentia

27 2040 29 2090 l
122 2041 198 2084 est
232 2034 270 2104 3
308 2033 366 2082 de
404 2036 627 2097 potentia
664 2034 975 2085 dimetientiS.
1038 2034 1312 2098 Pyramidis
1353 2033 1571 2084 cadentis
1611 2033 1738 2082 latus
1778 2041 1852 2083 est
1889 2035 1923 2102 -3
1977 2033 2035 2082 de
2073 2033 2223 2082 latere
2262 2040 2380 2095 tot0,

29 2123 31 2131 ·
121 2122 238 2170 ergo
277 2109 496 2171 potentia
547 2107 676 2156 illius
716 2114 790 2156 est
837 2107 853 2138 ¹
902 2107 961 2156 de
999 2110 1219 2170 potentia
1270 2108 1432 2171 hujus,
1509 2107 1575 2155 At
1613 2110 1648 2176 -3
1688 2106 1746 2155 de
1784 2107 1821 2176 3
1859 2114 1931 2155 est
1971 2106 2058 2175 *2²7⁷
2097 2108 2245 2170 igitur
2282 2122 2377 2169 po-

107 2183 274 2249 tentia
310 2180 625 2244 pyramidalis
662 2142 863 2230 lateris35
871 2180 1087 2230 cadentis
1125 2189 1199 2230 est
1240 2178 1307 2252 92
1346 2181 1404 2230 (16
1443 2184 1662 2243 potentia
1703 2179 1938 2231 diametri
2001 2179 2117 2228 Jam
2157 2179 2381 2228 altitudi-

120 2255 197 2302 nis
234 2254 418 2317 figurae
457 2255 677 2318 potentia
716 2261 789 2304 est
827 2254 862 2324 -2-
901 2254 960 2303 (16
999 2256 1220 2317 potentia
1258 2256 1453 2303 lateris:
1499 2253 1523 2284 2
1567 2254 1626 2302 (16
1670 2253 1736 2323 2²7
1775 2259 1846 2302 est
1871 2252 1959 2324 gfff,
1999 2259 2104 2302 tota
2141 2253 2382 2316 particula

34 2330 37 2339 ¹
121 2329 370 2391 potentiae
424 2327 668 2388 diametri,
722 2341 846 2390 quae
887 2333 960 2376 est
995 2325 1100 2398 ἐξ,
1149 2327 1207 2377 (16
1259 2329 1479 2392 potentia
1499 2293 1864 2377 3semidiametri
1905 2326 2144 2376 demenda
2183 2333 2280 2388 est,
2332 2333 2386 2375 ut

38 2436 40 2461 ;
123 2398 364 2450 habeatur
398 2400 564 2450 radius
602 2403 822 2464 inscripti
859 2402 1131 2464 triangulis.

298 2474 483 2524 Lineae
521 2475 657 2537 ipsae
696 2481 808 2522 sunt
846 2471 1324 2523 commensurabiles.
1393 2471 1417 2503 ⁴
1449 2472 1508 2523 de
1540 2478 1822 2523 10000000
1862 2479 1935 2521 est
1965 2471 2107 2539 444.
2130 2507 2194 2533 ..,
2236 2477 2387 2520 163(6(

40 2537 43 2599 ἶ
126 2545 350 2615 555..
426 2547 479 2596 Si
516 2549 739 2610 potentia
775 2554 848 2596 est
883 2545 972 2618 ἐξ,
1012 2547 1149 2596 radix
1189 2545 1329 2596 est⁴
1299 2581 1347 2615 9,
1388 2512 1635 2596 residuum
1673 2547 1724 2616 3.
1787 2546 2010 2595 Altitudo
2051 2561 2164 2608 ergo
2205 2545 2268 2594 ad
2305 2560 2386 2595 re-

123 2581 317 2669 siduum
355 2626 410 2668 ut
450 2626 480 2670 4
519 2620 583 2669 ad
625 2624 680 2681 5,
734 2624 957 2684 potentia
1006 2635 1119 2684 ergo
1159 2626 1212 2668 ut
1255 2626 1317 2670 16
1360 2619 1422 2669 6(1
1463 2625 1549 2670 25.
1626 2621 1755 2683 Ergo
1792 2618 1866 2690 23
1918 2626 1989 2668 est
2044 2621 2265 2683 potentia
2307 2621 2385 2666 in-

46 2739 49 2745 „
123 2695 290 2757 scripti
336 2693 620 2756 triangulis,
671 2696 837 2757 itaque
891 2696 975 2758 qui
1011 2693 1282 2757 sexangula
1329 2695 1507 2756 tangit,
1561 2696 1609 2742 in
1648 2696 1867 2757 potentia
1918 2699 1991 2741 est
2034 2691 2100 2762 ἐξ
2140 2692 2201 2741 6(1
2240 2691 2384 2752 111166,

123 2766 260 2815 radix
299 2766 350 2836 3
429 2766 568 2816 Adde
607 2767 720 2815 huic
756 2771 1005 2830 potentiae
1045 2764 1238 2853 (33)-g
1233 2767 1360 2836 1-de
1398 2769 1618 2830 potentia
1656 2767 2017 2827 semidiametri,
2058 2768 2173 2815 fient
2198 2764 2270 2835 33
2297 2780 2384 2828 pro

127 2843 345 2903 potentia
382 2842 731 2904 circumscripti
771 2841 962 2904 angulis
999 2844 1159 2890 novis

52 2912 53 2915 ’
300 2913 587 2962 Curtum-
601 2914 949 2967 06(66’(1106
1027 2914 1150 2963 Cum
1200 2913 1393 2977 angulis
1447 2913 1662 2963 octae‘dri
1709 2912 1973 2963 succedant
2024 2909 2377 2974 quadrangula,

123 2985 377 3049 triangulis
415 2987 706 3050 sexangula,
752 3002 843 3036 nec
880 2988 960 3037 hic
1005 2987 1201 3050 quidem
1240 2987 1447 3036 multum
1485 2986 1801 3035 laborabitur.
1877 2987 2002 3035 Nam
2040 2983 2381 3033 semioctae'dri

126 3058 334 3107 altitudo
374 3067 448 3108 est
485 3060 856 3122 semidiameter,
897 3067 1071 3124 potens
1111 3060 1363 3108 dimidium
1400 3060 1566 3108 lateris
1606 3059 1880 3108 octaedrici.
1958 3058 2089 3117 Jam,
2130 3064 2182 3104 ut
2222 3058 2270 3103 in
2308 3061 2384 3103 te-

125 3131 331 3192 traedro,
372 3135 455 3195 qui
494 3133 831 3182 semioctae‘dri
871 3134 1064 3194 cadunt,
1105 3134 1287 3182 habent
1323 3133 1452 3182 latus
1478 3133 1514 3202 3
1540 3132 1598 3181 dc
1637 3132 1786 3180 latere
1826 3134 1992 3196 totius,
2034 3144 2147 3192 ergo
2187 3134 2235 3177 et
2261 3128 2296 3197 3
2325 3127 2384 3176 (16

117 3205 480 3254 semidiametro
521 3205 752 3266 demetur,
792 3212 845 3255 ut
883 3207 1119 3255 habeatur
1159 3213 1362 3269 tangens
1391 3205 1738 3268 quadranguli,
1780 3207 1863 3268 qui
1891 3211 1963 3252 est
1993 3202 2126 3270 663.
2151 3237 2208 3262 ..‚
2250 3202 2384 3264 ejus-

125 3290 220 3340 que
269 3280 486 3341 potentia
523 3278 555 3346 -3
596 3279 655 3327 de
700 3281 922 3342 potentia
968 3279 1330 3329 semidiametri.
1419 3278 1559 3326 Adde
1612 3279 1878 3339 potentiam
1931 3275 2200 3324 altitudinis
2249 3273 2384 3341 (quia

124 3349 295 3399 cadem
334 3358 408 3399 est
445 3351 717 3400 altitudinis
766 3352 897 3401 linea
935 3358 983 3400 et
1021 3351 1364 3412 circumscripti
1404 3347 1786 3415 quadrangulo),
1840 3364 1966 3412 quae
2007 3354 2080 3397 est
2118 3347 2155 3417 3
2193 3347 2252 3395 dc
2290 3362 2384 3410 po-

125 3426 278 3472 tentia
315 3422 686 3473 semidiametri:
727 3438 915 3473 summa
952 3423 989 3492 3
1028 3423 1087 3473 de
1125 3425 1342 3486 potentia
1380 3422 1740 3483 semidiametri,
1782 3437 1907 3485 quae
1948 3429 2021 3470 63(
2061 3427 2108 3470 6(
2136 3422 2383 3484 quantitas

127 3497 472 3559 circumscripti
511 3498 653 3545 novis
692 3497 900 3559 angulis,
940 3511 1006 3545 sc.
1051 3495 1235 3560 553..
1265 3531 1293 3555 .,
1334 3496 1470 3543 radix
1514 3499 1775 3545 7453560.

302 3569 558 3617 Curtum
597 3567 1060 3617 dodecaedron.
1138 3568 1396 3630 Quaeritur
1445 3569 1582 3616 initio
1635 3567 1766 3616 latus
1815 3566 2090 3629 decanguli.
2165 3567 2228 3615 Et
2267 3567 2384 3629 quia

126 3642 198 3691 sic
234 3649 345 3691 sunt
383 3640 633 3690 resecandi
671 3641 866 3703 anguli,
913 3647 967 3689 ut
1014 3642 1173 3703 portio
1213 3641 1376 3688 lateris
1415 3642 1639 3702 utrinque
1692 3642 1811 3689 curti
1851 3639 2020 3689 relicta
2057 3642 2121 3688 sit
2158 3639 2380 3703 aequalis

18 3782 21 3790 Ι
76 3727 77 3730 ’
128 3711 269 3764 lateri
308 3715 500 3775 sectori,
539 3721 700 3763 sector
740 3728 854 3763 vero
894 3712 1158 3762 subtendat
1186 3714 1418 3775 angulum
1445 3720 1698 3775 resectum,
1741 3720 1814 3762 est
1852 3727 1965 3775 crgo
2005 3719 2163 3762 sector
2190 3713 2263 3761 ad
2302 3728 2381 3762 re-

129 3795 447 3851 segmentum,
489 3792 543 3835 ut
581 3793 684 3835 tota
722 3786 784 3835 ad
823 3794 1008 3850 partem
1048 3787 1309 3849 majorem,
1362 3785 1440 3834 vel
1493 3786 1647 3849 maj0r
1695 3785 1758 3835 ad
1808 3787 2056 3835 minorem.
2134 3784 2293 3848 Quare
2334 3793 2382 3835 et

82 3891 85 3905 „
129 3860 392 3921 residuum,
433 3860 642 3923 aequale
669 3861 859 3920 sectori,
899 3862 968 3909 316
1003 3866 1077 3909 63(
1118 3858 1179 3908 6(1
1220 3858 1414 3922 singula
1449 3865 1754 3922 resegmenta
1791 3858 1972 3909 lateris.
2050 3858 2228 3909 Totum
2268 3873 2382 3922 ergo

129 3926 259 3984 latus
298 3932 653 4000 quinquanguli
690 3939 875 3984 sectum
914 3939 987 3983 est
1025 3935 1074 3981 in
1111 3947 1258 3982 unam
1294 3938 1479 3997 partem
1518 3933 1750 3997 maj0rem
1800 3941 1848 3982 6(
1887 3938 1916 3982 2
1957 3939 2118 3997 partes
2156 3934 2380 3995 minores,

1957 4017 2033 4063 12*
