2652 4088
2449 66 2515 91 1⁸1.

296 185 402 243 122
1195 132 1346 231 notae
1374 183 1419 230 J.
1446 183 1630 241 Kepleri

468 331 561 377 130.
593 330 831 389 Virgilius:
875 331 1050 377 Manus
1085 331 1243 389 effuqit
1271 331 1440 387 imayo.
1500 330 1583 375 Et:
1608 344 1704 388 par
1732 331 1902 376 levibus
1929 330 2075 377 ventis
2109 328 2370 387 volucrique
2398 327 2538 373 simil-

298 398 407 443 hma
435 411 781 514 Signhnqlluasseg
809 460 967 518 procul
999 460 1135 505 dubio
1167 460 1357 517 falsum3
1389 461 1510 506 forte
1540 459 1752 514 ἀειπαθες
1783 467 1862 506 aut
1892 459 2103 514 ἐμπαθες.

465 527 559 572 132.
591 527 773 571 Mortuo
804 526 983 571 homine
1014 527 1203 584 suscipit
1233 527 1333 583 ipsa
1362 527 1410 572 in
1440 541 1502 586 se,
1534 516 1698 587 corpus
1732 529 1921 574 scilicet.

464 593 558 639 133.
592 593 765 649 Corpus
797 594 851 637 ab
871 593 1051 637 homine
1073 597 1250 638 mortuo
1282 597 1606 639 transsumtum
1635 608 1726 641 non
1757 593 1933 638 confert
1954 591 2013 637 ad
2035 591 2371 649 generationem
2398 589 2539 634 homi-

288 658 358 703 nis
390 658 591 716 alterius,
623 660 702 704 sed
732 661 934 704 nascitur
964 672 1127 715 corpus
1160 673 1216 703 ex
1248 671 1450 715 corpore.

464 726 560 770 134.
594 726 672 770 Sol
702 726 813 770 nihil
844 725 898 769 de
929 726 1122 783 homine,
1154 739 1235 783 per
1256 726 1446 782 primam
1466 728 1657 770 mortem
1678 724 1912 777 dissoluto,
1943 723 2055 769 nihil
2087 723 2143 768 de
2175 724 2326 768 anima
2346 720 2538 765 hominis

289 788 456 835 dudum
487 791 666 846 mortui,
691 791 785 848 jam
815 791 860 834 in
892 792 1021 836 Luna
1051 805 1133 848 per
1163 790 1409 837 secundam
1442 798 1632 837 mortem
1662 797 1709 838 et
1738 792 1839 848 ipsa
1870 790 2105 847 dissoluta,
2138 789 2298 846 recipit
2328 788 2386 833 ad
2415 800 2481 834 se.

461 857 558 903 135.
593 857 671 901 Sol
701 861 918 914 mentem,
956 870 1091 914 quam
1130 857 1307 902 confert
1343 858 1401 903 ad
1442 858 1808 904 constitutionem
1846 856 2039 902 hominis
2069 856 2205 912 laevi,
2246 854 2447 911 decerpit
2477 854 2535 898 ab

292 921 472 967 homine
503 923 652 980 priore
683 928 872 967 mortuo.

456 990 551 1035 136.
582 989 714 1034 Luna
746 988 1012 1045 particulam
1043 989 1216 1035 animae
1237 990 1416 1036 brutam
1445 991 1491 1035 in
1513 1004 1563 1036 se
1592 990 1813 1037 convertit
1842 990 1889 1034 in
1909 986 2205 1034 dissolutione
2235 999 2317 1042 per
2346 989 2536 1030 mortem

283 1053 549 1111 secundam3
594 1060 638 1100 et
681 1069 781 1099 cum
813 1055 927 1114 alius
957 1055 1092 1100 homo
1123 1056 1347 1112 nascitur,
1386 1056 1462 1100 dat
1493 1070 1551 1101 ex
1581 1071 1632 1103 se
1660 1057 1761 1112 ipsa
1795 1054 2065 1112 particulam
2103 1066 2240 1098 unam
2283 1052 2341 1097 ad
2371 1050 2536 1096 consti-

282 1121 498 1166 tuendam
529 1126 575 1166 et
604 1126 956 1179 componendam
996 1122 1100 1168 novi
1129 1123 1324 1169 hominis
1356 1124 1571 1179 animam,
1613 1122 1837 1179 particula
1874 1122 2018 1168 altera
2062 1132 2194 1164 mens
2235 1123 2334 1163 erat
2371 1115 2535 1174 prioris

287 1187 495 1243 hominis,
523 1187 618 1244 jam
648 1187 811 1232 transit
842 1188 897 1232 ad
918 1179 1105 1244 hovum,
1136 1189 1336 1235 existens
1366 1189 1521 1234 eadem
1552 1202 1750 1234 numero.

460 1254 560 1299 137.
590 1255 715 1300 Haec
744 1255 880 1300 verba
910 1254 1185 1301 Plutarchus
1213 1256 1396 1312 quidem
1426 1255 1635 1311 intelligit
1673 1255 1728 1300 de
1759 1254 2093 1300 conditionibus
2131 1251 2357 1298 essentiae
2396 1249 2533 1295 trium

287 1330 526 1375 corporum
554 1320 894 1374 mundanorum,
926 1319 1074 1377 deq'ue
1101 1321 1266 1367 muniis
1298 1320 1575 1377 singulorum
1604 1321 1651 1365 in
1682 1321 1972 1378 generatione
2003 1324 2049 1364 et
2069 1317 2364 1364 dissolutione
2394 1315 2534 1360 homi-

282 1383 372 1441 nis,
403 1389 450 1429 at
481 1385 586 1440 quia
618 1392 723 1431 sunt
751 1388 887 1431 verba
917 1391 1267 1444 geometrarum,
1308 1388 1364 1432 de
1401 1400 1641 1445 corporum
1682 1388 1827 1443 deque
1871 1388 2045 1431 orbium
2085 1382 2437 1430 dimensionibus
2468 1380 2532 1424 lo-

260 1451 527 1508 quentium,
560 1452 814 1507 credideris,
831 1453 1091 1503 ‚Plutarcho
1114 1459 1329 1511 suggesta
1351 1458 1395 1498 et
1418 1454 1585 1498 dictata
1607 1453 1834 1509 divinitus,
1868 1455 1981 1499 citra
2013 1449 2400 1497 ratiocinationem
2423 1446 2531 1502 legi·

276 1517 459 1577 ,timam,
498 1523 549 1562 ut
580 1519 722 1563 oratio
756 1519 853 1575 ejus
871 1518 1107 1570 'alluderet
1137 1519 1195 1564 ad
1225 1519 1561 1577 proportionem
1598 1520 1797 1576 aliquam
1828 1521 1963 1565 etiam
1995 1514 2338 1574 quantitativum
2367 1513 2531 1557 horum

282 1583 417 1626 trium
447 1597 706 1641 corporum,
749 1584 946 1629 nondum
988 1586 1211 1641 cognitam
1252 1585 1374 1642 genti
1403 1586 1640 1629 humanae.
1703 1586 1803 1631 Sint
1832 1585 2006 1630 numeri
2037 1581 2247 1628 continue
2278 1577 2530 1636 proportio-

281 1647 408 1693 nales
438 1655 633 1705 quatuor
663 1651 704 1706 1,
739 1652 808 1705 60,
840 1651 964 1705 3600,
997 1651 1172 1698 216000
1203 1653 1403 1708 (utemur
1431 1652 1486 1696 iis
1517 1651 1725 1696 rotundis
1766 1652 1866 1697 loco
1897 1652 2139 1704 veriorum,
2183 1647 2265 1692 sed
2297 1644 2529 1701 scrupulo-

284 1727 436 1759 sorum
471 1715 506 1763 1.
542 1716 639 1774 593,
671 1716 825 1773 346921„
854 1717 1092 1777 2043473).
1152 1718 1238 1763 Hic
1268 1718 1355 1763 etsi
1383 1731 1473 1762 non
1505 1723 1611 1762 sunt
1640 1718 1741 1774 ipsa
1771 1731 1962 1774 corpora
1992 1713 2138 1759 solida
2157 1712 2330 1765 Lunae,
2364 1710 2532 1757 Terrae

283 1783 327 1823 et
357 1778 473 1824 Solis
503 1780 550 1824 in
580 1784 871 1837 proportione
905 1783 1115 1828 continua
1152 1784 1334 1838 lineari,
1374 1783 1520 1828 tribus
1563 1782 1735 1827 scilicet
1771 1783 1973 1829 terminis
2009 1783 2048 1835 1,
2081 1780 2151 1833 60,
2183 1778 2297 1824 3600
2329 1788 2529 1832 compre-

280 1843 436 1898 hensa,
467 1845 547 1890 sed
576 1845 623 1890 in
652 1847 947 1903 proportione
979 1849 1192 1894 continua
1221 1849 1378 1897 solida.
1410 1854 1606 1905 quatuor
1633 1848 1835 1893 terminis
1861 1852 1900 1903 1,
1934 1849 2003 1901 60,
2036 1845 2170 1900 3600,
2201 1843 2380 1890 216000
2412 1855 2529 1886 com·
2616 1894 2619 1898 ⁴

282 1909 510 1967 prehensa
542 1912 634 1968 (est
664 1913 781 1957 enim
812 1918 862 1958 ut
892 1915 911 1958 1
951 1914 1008 1959 ad
1038 1915 1095 1959 60
1127 1915 1191 1958 sic
1222 1915 1352 1960 Luna
1384 1914 1440 1959 ad
1473 1915 1682 1970 Terram,
1712 1920 1764 1959 ut
1792 1926 1899 1958 vero
1931 1915 1954 1957 1
1989 1912 2046 1957 ad
2076 1911 2272 1965 216000,
2303 1909 2369 1955 sic
2399 1909 2532 1955 Luna

279 1972 337 2018 ad
368 1974 531 2034 Solem,
563 1982 643 2021 aut
672 1983 723 2022 ut
757 1981 774 2022 1
810 1977 866 2022 ad
899 1979 1011 2024 3600
1040 1979 1112 2024 vel
1144 1982 1200 2026 60
1230 1980 1286 2024 ad
1318 1982 1476 2037 21600,
1510 1981 1574 2026 sic
1596 1982 1737 2026 Terra
1769 1980 1826 2025 ad
1848 1979 2019 2025 Solem:
2052 1977 2129 2022 ubi
2150 1976 2290 2021 Terra
2319 1975 2372 2020 fit
2391 1988 2531 2020 unum

279 2051 334 2084 ex
367 2039 544 2086 duobus
574 2043 734 2088 mediis
765 2044 1179 2100 proportionalibus
1210 2045 1327 2090 inter
1356 2047 1534 2091 Lunam
1565 2054 1610 2093 et
1642 2048 1805 2102 Solem,
1837 2052 1884 2090 at
1914 2058 2006 2088 non
2034 2044 2165 2088 Luna
2195 2043 2314 2086 inter
2344 2042 2528 2086 Terram

277 2104 527 2160 et,Solem,
557 2113 609 2152 ut
637 2109 682 2153 in
713 2109 1264 2167 Plutarchi‘proportione
1294 2113 1529 2170 physica),
1574 2113 1835 2158 conficimus
1882 2118 2035 2157 tamen
2074 2124 2130 2154 ex
2160 2109 2232 2154 his
2269 2108 2529 2166 praemissis

277 2170 657 2226 demonstratione
686 2175 896 2232 legitima,
928 2177 1048 2233 quod
1080 2177 1240 2222 saltem
1272 2179 1417 2224 lineae
1440 2193 1520 2225 seu
1551 2178 1787 2224 intervalla
1817 2178 1954 2222 trium
1986 2177 2148 2220 horum
2170 2187 2410 2231 corporum
2440 2173 2531 2218 sint

277 2236 327 2283 in
349 2238 442 2285 'hac
472 2242 766 2298 proportione
796 2242 1010 2286 continua
1039 2242 1217 2298 lineari,
1265 2249 1310 2289 et
1338 2245 1496 2290 eodem
1529 2244 1709 2301 quidem
1748 2243 1905 2289 ordine
1936 2255 2173 2299 corporum
2215 2244 2413 2295 servato,
2453 2238 2530 2295 qui

279 2309 350 2349 est
378 2305 426 2349 in
456 2307 750 2364 proportione
782 2307 1027 2353 Plutarchi.
1088 2308 1175 2352 Est
1206 2310 1324 2352 enim
1355 2316 1405 2355 ut
1442 2314 1457 2355 1
1493 2311 1551 2356 ad
1584 2311 1641 2355 60
1671 2315 1716 2355 et
1746 2311 1874 2361 3600,
1907 2308 1972 2354 sic
2002 2306 2331 2352 semidiameter
2361 2305 2528 2349 Terrae
2611 2327 2614 2331 ⁴

2641 962 2652 1130 ,ΛΑ--.Ἃ
2647 900 2652 911 -

276 2368 333 2414 ad
367 2371 743 2416 semidiametrum
778 2373 898 2418 orbis
919 2373 1077 2417 Lunae
1110 2378 1155 2418 et
1184 2374 1241 2417 ad
1273 2375 1651 2421 semidiametrum
1682 2373 1802 2420 orbis
1825 2375 1942 2420 Solis
1972 2371 2247 2429 imaginarii;
2278 2376 2328 2416 ut
2350 2370 2528 2426 quoties
2607 2382 2609 2386 ’
2635 2401 2638 2421 .

276 2433 451 2478 coelum
480 2435 639 2482 Lunae
682 2439 883 2482 continet
913 2439 1120 2495 Terram,
1160 2441 1296 2485 toties
1334 2440 1508 2485 coelum
1541 2441 1658 2486 Solis
1691 2439 2044 2497 (imaginarium)
2090 2437 2317 2482 contineat
2353 2435 2528 2481 coelum

278 2497 450 2555 Lunae,
485 2514 567 2546 seu
597 2508 647 2547 ut
676 2503 910 2549 Plutarchi
938 2505 1087 2549 verbis
1119 2511 1235 2562 utar,
1269 2506 1455 2551 eandem
1485 2506 1623 2551 habet
1655 2506 1778 2552 orbis
1809 2507 1966 2551 Lunae
1997 2503 2055 2548 ad
2087 2502 2239 2548 orbem
2272 2503 2388 2547 Solis
2421 2515 2525 2558 pro-

274 2564 547 2623 portionem,
592 2581 727 2625 quam
765 2570 1095 2615 semidiameter
1133 2571 1299 2616 Terrae
1337 2572 1395 2616 ad
1437 2571 1817 2616 semidiametrum
1857 2571 1977 2617 orbis
2020 2571 2191 2616 Lunae.
2249 2567 2363 2614 Vide
2402 2567 2525 2625 Epit-

276 2628 460 2676 Astron.
496 2632 795 2757 copel-mgb.
823 2635 899 2681 IV.
934 2635 965 2681 f.
997 2636 1098 2683 482.
1137 2638 1228 2692 (vl.
1263 2638 1386 2693 327.)

272 3086 603 3170 catalogus
657 3090 1071 3179 plerorumque
1132 3094 1492 3174 thematum,
1546 3093 1728 3177 juxta
1773 3091 2039 3159 ordinem
2084 3094 2143 3160 et
2200 3109 2516 3163 numerum

273 3190 556 3263 foliorum
599 3195 664 3264 in
710 3197 964 3267 editione
1008 3196 1406 3266 Wecheliaua.
1433 3220 1622 3275 (Numeri
1655 3222 1849 3261 camnis
1880 3219 2032 3261 mansi
2065 3221 2304 3274 significant
2331 3223 2508 3276 paginas

1204 3304 1328 3354 hujus
1359 3299 1592 3355 editionis).

271 3440 476 3486 Maculas
507 3455 599 3486 non
628 3457 729 3489 esse
760 3445 1044 3491 affectionem
1074 3446 1208 3502 visus,
1240 3446 1403 3502 probat
1432 3444 1701 3489 Plutarchus
1734 3447 2008 3500 argumentis
2040 3446 2184 3492 tribus
2245 3447 2346 3505 (77)
2411 3448 2520 3494 1697
2616 3451 2630 3470 ¹

272 3507 477 3552 Maculas
508 3522 598 3553 non
629 3522 730 3554 esse
759 3511 976 3568 imagines
1016 3512 1274 3568 speculares
1304 3513 1460 3569 maris,
1496 3516 1555 3556 ‘ut
1593 3511 1735 3556 voluit
1766 3512 2037 3571 Clearchus,
2077 3513 2347 3560 Plutarchus

446 3574 618 3619 refutat
648 3578 924 3632 argumentis
956 3580 982 3623 5
1029 3609 2207 3626 .................
2247 3583 2346 3637 (78)
2405 3579 2519 3627 1698

272 3637 477 3684 Maculas
506 3654 596 3685 non
627 3654 728 3686 esse
758 3646 908 3687 aerem
937 3644 1031 3701 igni
1060 3644 1276 3703 mixtum,
1318 3650 1369 3689 ut
1397 3644 1656 3689 Pharnaces
1688 3643 1855 3689 stoicus
1887 3646 2041 3705 voluit,
2073 3647 2345 3692 Plutarchus

446 3706 616 3751 refutat
647 3709 918 3762 argumentis
949 3711 975 3754 5
1017 3741 2198 3757 .................
2241 3714 2345 3769 (79)
2403 3713 2517 3760 1699

273 3770 450 3815 Lunam
480 3783 581 3817 esse
611 3778 818 3830 terream,
852 3773 1053 3819 defendit
1081 3775 1264 3829 Lucius,
1299 3775 1477 3832 obiecta
1508 3774 1686 3819 solvens
1737 3806 2197 3825 .......
2241 3779 2342 3836 (80)
2407 3779 2514 3823 1701
2599 3803 2613 3810 ἰ

228 3852 229 3855 ’
274 3837 450 3882 Motum
480 3838 679 3892 gravium
711 3837 768 3882 ad
795 3839 992 3884 medium
1022 3840 1178 3884 mundi
1207 3846 1438 3897 expugnat
1466 3840 1740 3885 Plutarchus
1772 3847 1930 3887 contra
1960 3844 2128 3889 stoicos
2190 3879 2200 3890 .
2243 3845 2344 3900 (81)
2403 3844 2516 3889 1703

273 3901 393 3946 Vera
421 3900 535 3946 ratio
565 3908 714 3949 motus
745 3905 946 3962 gravium
978 3905 1225 3950 secundum
1255 3905 1558 3961 Plutarchum,
1591 3911 1853 3963 argumenta
1881 3909 1910 3952 4
1966 3941 1976 3951 .
2034 3944 2045 3955 .
2114 3943 2125 3955 .
2188 3945 2199 3955 .
2241 3909 2343 3966 (81)
2405 3908 2516 3955 1704
2606 3883 2609 3893 ,
