2652 4088
0 0 58 290 f
1054 157 1101 204 in
1130 156 1261 207 Orbe,
1278 156 1448 204 Lunae.
2294 148 2364 208 89

124 308 346 373 eundem,
386 308 446 360 de
484 323 581 373 quo
617 308 884 372 loquimur,
936 307 1100 358 Solem
1139 314 1221 360 ae'r
1259 309 1453 374 quidem
1489 306 1770 356 transmittit
1812 319 1901 355 nec
1940 295 2167 374 causatur
2202 317 2368 368 reper-

124 399 316 434 cussum
354 399 443 433 nec
479 383 754 444 reluctatur,
792 387 843 431 at
868 397 898 431 a
921 381 1082 444 lignis,
1118 383 1381 447 lapidibuS,
1420 381 1721 431 vestimentis
1760 381 1807 427 in
1835 378 1950 428 Sole
1984 377 2216 441 expositis
2255 391 2368 439 per-

123 457 306 506 multae
343 456 581 506 resultant
619 454 1019 505 contrasulsiones
1047 459 1428 516 (coruscationes)
1468 462 1516 504 et
1542 452 1954 503 circumfulsiones
1992 453 2365 510 (irradiationes).

125 531 186 579 Et
223 533 292 579 sic
331 532 477 579 etiam
515 529 714 578 Terram
753 527 975 577 videmus
1014 529 1076 576 ab
1116 528 1200 576 illo
1240 528 1523 576 illuminari:
1562 542 1678 575 nens
1698 528 1824 575 enim
1864 524 1949 573 illa
1986 525 2034 571 in
2062 523 2366 587 profundum,

122 609 177 652 ut
214 618 356 666 aqua,
396 617 555 666 neque
593 617 677 665 per
718 607 872 650 totum
910 615 1051 649 suum
1090 615 1279 663 corpus,
1320 612 1372 650 ut
1411 606 1520 661 aer,
1560 601 1841 649 transmittit
1879 596 2007 650 Solis
2046 597 2366 659 splendorem,

122 676 209 725 sed
247 683 456 739 quantus
494 675 680 722 Lunam
720 675 1026 736 circumsepit
1064 674 1271 722 circulus
1309 674 1677 722 illuminationis
1722 679 1770 722 et
1808 677 2040 735 quantam
2078 670 2158 719 ille
2197 670 2367 718 Lunae

0 748 1 787 1
122 756 307 812 partem
344 753 616 811 praesecat,
666 753 827 795 tantus
877 748 1022 796 etiam
1062 747 1259 795 Terram
1299 750 1517 795 circumit
1556 748 1705 807 aliuS,
1758 747 1842 808 qui
1879 743 2134 806 aequalem
2181 757 2371 806 semper

0 801 2 853 μ
125 823 220 870 sibi
258 824 350 885 ipsi
387 826 572 883 partem
609 819 790 868 lumine
828 822 1054 869 vestitam
1094 819 1398 879 determinat,
1440 821 1762 882 relinquitque
1802 824 1987 881 partem
2023 816 2226 865 alteram
2265 818 2370 865 sine

122 895 317 943 lumine.
391 893 597 942 Videtur
645 895 771 942 enim
818 893 967 955 paulo
1018 893 1178 955 majus
1217 893 1569 956 hemisphaerio
1621 906 1750 951 esse,
1799 892 1847 938 id
1897 889 2029 953 quod
2068 889 2126 938 de
2164 895 2370 952 utroque

124 982 320 1031 corpore
358 966 637 1014 illustratur.
690 965 861 1014 Liceat
898 968 1044 1030 igitur
1082 967 1199 1014 mihi
1239 980 1370 1014 more
1397 976 1751 1028 geometrarum
1789 963 1851 1012 ad
1891 962 2166 1025 analogiam
2206 962 2369 1024 loqui:

123 1041 253 1103 quod
288 1043 329 1088 si
366 1041 459 1087 tria
495 1040 591 1087 sint
629 1052 855 1101 corpora,
896 1040 1074 1103 quibus
1106 1039 1266 1088 lumen
1300 1055 1330 1087 a
1356 1038 1470 1087 Sole
1512 1038 1764 1100 delapsum
1790 1038 2162 1099 appropinquat,
2203 1035 2367 1095 Terra,

0 1128 6 1159 l
122 1114 263 1162 Luna
299 1117 347 1161 et
372 1115 479 1173 ae'r,
518 1110 868 1173 videamusque
894 1113 1083 1160 Lunam
1121 1112 1379 1161 illuminari
1405 1114 1569 1174 potius
1597 1117 1650 1159 ut
1675 1110 1897 1169 Terram,
1939 1124 2085 1171 quam
2112 1115 2164 1156 ut
2191 1111 2367 1167 ae'rem,

0 1184 1 1196 ¹
121 1200 319 1236 necesse
357 1187 421 1233 sit
459 1186 603 1234 etiam
642 1190 863 1234 naturam
901 1185 986 1235 illa
1018 1186 1225 1234 similem
1263 1185 1457 1247 habere,
1499 1199 1625 1248 quae
1663 1183 1789 1233 idem
1829 1183 1890 1231 ab
1920 1181 2090 1231 eodem
2127 1183 2231 1245 pati
2257 1187 2373 1244 apta

124 1268 239 1308 nata
277 1264 405 1307 sunt.

294 1330 416 1379 Cum
453 1332 599 1394 igitur
638 1345 802 1380 omnes
839 1331 963 1381 haec
1000 1330 1179 1380 dicenti
1205 1331 1406 1380 Lucio
1445 1328 1810 1394 applauderent,
1851 1329 1971 1390 Eg0‚
2010 1332 2167 1376 macte
2195 1328 2374 1386 anime,

126 1404 252 1464 dixi,
304 1411 357 1452 ut
395 1406 476 1467 qui
516 1404 747 1467 pulchrae
783 1407 958 1454 rationi
997 1404 1247 1467 pulchram
1295 1406 1442 1454 etiam
1481 1403 1747 1465 adjunxisti
1785 1402 2078 1464 analogiam.
2153 1401 2262 1448 Non
2303 1405 2376 1449 est

122 1480 247 1527 enim
300 1492 409 1540 par,
467 1484 521 1525 ut
557 1477 618 1526 iis
656 1477 960 1540 exspoliem,
1019 1493 1145 1540 quae
1195 1478 1285 1526 tibi
1333 1483 1447 1526 sunt
1493 1477 1702 1540 propria.
1780 1476 1942 1537 Atque
1981 1474 2064 1524 ille
2103 1473 2373 1534 subridens,

123 1552 270 1617 igitur
308 1557 357 1599 et
394 1548 610 1599 secunda
646 1552 843 1613 insuper
881 1549 1111 1599 utendum
1154 1557 1228 1599 est
1265 1551 1517 1614 analogia:
1556 1556 1611 1597 ut
1649 1563 1744 1598 non
1785 1547 1941 1597 solum
1981 1562 2040 1597 ex
2065 1561 2138 1607 e0,
2179 1549 2219 1595 si
2245 1546 2377 1595 idem

122 1625 185 1672 ab
225 1622 395 1672 eodem
433 1625 692 1686 patiantur,
735 1622 820 1672 sed
859 1626 1004 1672 etiam
1045 1626 1085 1671 si
1124 1623 1252 1673 idem
1290 1630 1454 1687 agant,
1493 1623 1620 1671 idem
1659 1624 1806 1672 etiam
1843 1621 2014 1670 Lunae
2055 1634 2228 1683 corpus
2268 1634 2377 1668 cum

125 1711 322 1760 corpore
361 1696 539 1745 Terrae
579 1697 731 1745 videri
772 1697 1168 1746 demonstremus,
1248 1696 1389 1759 Quod
1430 1698 1557 1747 enim
1596 1698 1718 1745 inter
1757 1710 1838 1756 ea,
1879 1709 2004 1759 quae
2045 1696 2171 1743 circa
2210 1692 2374 1742 Solem

125 1772 369 1829 eveniunt,
409 1769 527 1818 nihil
567 1769 691 1818 adeo
731 1769 889 1819 simile
929 1772 992 1818 sit
1032 1773 1242 1830 occasui,
1283 1786 1428 1833 quam
1457 1770 1724 1833 deliquium
1751 1768 1896 1829 Solis,
1935 1767 1983 1817 id
2022 1772 2135 1831 peto
2175 1772 2229 1816 ut
2259 1767 2378 1814 mihi

124 1843 248 1892 detis
286 1857 400 1903 VOS,
456 1845 539 1905 qui
575 1858 786 1906 nuperae
827 1845 1178 1905 conjunctionis
1216 1843 1524 1893 luminarium
1566 1845 1683 1892 estis
1721 1850 1995 1900 memoreS,⁴
2031 1856 2159 1904 quae
2197 1839 2376 1888 multas

124 1918 306 1979 passim
344 1922 447 1964 toto
489 1916 625 1965 coelo
662 1916 829 1966 stellas
869 1917 1080 1976 detexit,
1117 1919 1281 1966 statim
1322 1933 1352 1967 a
1390 1917 1589 1966 meridie
1629 1931 1825 1978 exorsa,
1867 1917 1993 1964 ae'ris
2033 1928 2147 1964 vero
2186 1919 2377 1978 tempe-

125 1992 259 2051 riem,
299 1989 458 2052 qualis
498 2004 604 2038 esse
643 1990 768 2039 solet
807 1990 1036 2050 dilucu10,
1078 1991 1298 2040 exhibuit
1316 1988 1397 2054 37).

297 2062 383 2110 Sin
420 2065 579 2110 minus
617 2065 924 2123 meministis,
976 2063 1188 2113 Theon
1227 2066 1317 2113 iste
1357 2064 1498 2112 nobis
1539 2062 1774 2126 allegabit
1811 2062 2150 2110 Mimnermum
2191 2065 2239 2110 et
2277 2059 2380 2123 Cy-

126 2134 255 2183 diam
295 2143 344 2184 et
380 2135 749 2195 Archilochum,
804 2139 1098 2199 insuperque
1137 2136 1470 2186 Stesichorum
1511 2142 1559 2186 et
1595 2135 1883 2196 Pindarum,
1936 2137 1984 2182 in
2023 2134 2248 2197 deliquiis
2288 2133 2376 2180 de-

123 2207 388 2273 plorantes,
427 2209 552 2257 turto
593 2217 809 2272 ereptum
848 2209 1000 2270 illum,
1042 2212 1126 2272 qui
1165 2212 1591 2273 conspectissimus
1630 2214 1718 2266 est,
1759 2214 1806 2258 et
1842 2208 2003 2258 media
2040 2208 2148 2256 luce
2185 2212 2377 2255 noctem

124 2282 321 2341 factam,
362 2288 411 2330 et
446 2282 634 2330 radium
673 2282 803 2332 Solis
841 2284 1148 2332 tenebrarum
1175 2286 1398 2332 semitam
1425 2282 1623 2349 (sactum
1651 2282 1778 2346 esse)
1819 2282 2060 2343 dicentes3
2100 2295 2246 2343 super
2272 2294 2380 2328 orn-

125 2355 268 2403 nibus
308 2354 586 2414 Homerum,
630 2362 769 2405 nocte
809 2362 857 2405 et
895 2357 1103 2418 caligine
1144 2357 1307 2406 vultus
1347 2357 1596 2406 hominum
1634 2356 1853 2405 obtectos
1893 2361 2166 2414 testantem,
2209 2358 2256 2402 et
2281 2352 2378 2402 So-

125 2427 221 2477 lem
261 2442 287 2476 e
327 2427 462 2477 coelo
501 2429 702 2491 periisse
741 2431 868 2478 circa
907 2429 1121 2492 Lunam3
1163 2437 1210 2479 et
1235 2431 1329 2479 hoc
1355 2430 1457 2480 fieri
1483 2430 1752 2489 consuevit,
1793 2431 2032 2478 mensium
2067 2428 2219 2476 altero
2247 2441 2378 2474 mar-

125 2507 358 2561 cescente,
397 2501 549 2550 altero
589 2503 813 2551 instante.
866 2502 1039 2553 Cetera
1077 2505 1299 2552 existimo
1339 2504 1789 2553 mathematicorum
1829 2509 2000 2552 exacta
2038 2501 2291 2563 diligentia
2332 2502 2377 2546 in

124 2572 343 2640 (formam
381 2574 567 2623 solidae
608 2575 915 2638 disciplinae)
953 2575 1187 2639 perducta
1226 2584 1274 2625 et
1312 2577 1525 2626 firmata:
1567 2576 1699 2639 quod
1738 2591 1833 2625 nox
1872 2578 1934 2624 sit
1975 2576 2143 2624 umbra
2182 2574 2377 2632 Terrae,

129 2646 395 2709 deliquium
433 2647 562 2696 Solis
600 2649 770 2697 umbra
809 2649 1003 2710 Lunae,
1060 2649 1254 2712 quando
1294 2653 1428 2699 visus
1479 2652 1527 2697 in
1566 2650 1699 2698 illam
1739 2649 1922 2699 incidit.
2000 2648 2085 2697 Sol
2125 2648 2253 2697 enim
2292 2660 2378 2695 oc-

127 2719 291 2769 cidens
330 2719 524 2783 quidem
563 2736 593 2768 a
631 2721 806 2782 Terra,
862 2722 1087 2771 deficiens
1141 2738 1257 2772 vero
1308 2739 1336 2772 a
1378 2724 1516 2772 Luna
1571 2722 1849 2771 obvallatur
1897 2728 1960 2778 et,
1995 2723 2173 2784 tegitur
2226 2721 2380 2780 visui;

126 2800 381 2856 utrumque
435 2800 508 2842 est
563 2795 926 2855 obtenebratio,
983 2795 1186 2845 occidua
1240 2796 1437 2859 quidem
1487 2812 1516 2844 a
1556 2797 1705 2846 Terra
1754 2801 1848 2856 est,
1905 2795 2144 2844 defectiva
2197 2808 2312 2842 vero
2352 2807 2381 2840 a

130 2865 285 2926 Luna,
324 2867 520 2930 quando
560 2869 730 2916 umbra
768 2870 929 2917 visum
968 2861 1188 2932 occupat.
1252 2871 1324 2918 Ex
1364 2871 1439 2919 his
1478 2869 1593 2932 quid
1636 2874 1953 2928 construatur,
1994 2867 2134 2916 facile
2173 2867 2382 2929 perspici

126 2945 300 3003 potest.
376 2939 429 2988 Si
468 2942 595 2988 enim
633 2941 803 2989 similis
842 2942 1059 3003 affecti0,
1111 2942 1291 2992 similia
1330 2949 1468 2992 erunt
1506 2948 1553 2992 et
1590 2942 1865 2992 afficientia.
1940 2941 2111 2990 Eidem
2151 2941 2276 2989 enim
2314 2940 2381 2987 rei

128 3012 298 3062 eadem
345 3013 595 3076 obtingere
643 3015 706 3063 ab
753 3014 925 3064 iisdem
980 3030 1179 3065 necesse
1231 3022 1319 3064 est.
1397 3015 1540 3078 Quod
1594 3030 1711 3065 vero
1759 3016 1987 3065 tenebrae
2035 3027 2132 3062 non
2183 3013 2381 3061 suntin

128 3083 350 3150 deliquiis
389 3085 512 3135 adeo
551 3087 834 3150 profundae,
874 3103 1031 3151 neque
1073 3094 1125 3137 ut
1162 3103 1258 3138 nox
1296 3092 1457 3139 ae'rem
1490 3094 1736 3153 premunt,
1777 3089 1827 3137 id
1865 3089 2037 3137 mirum
2077 3101 2182 3136 esse
2220 3082 2381 3134 haud-

112 3169 373 3225 :quaquam
422 3159 582 3210 debet.
657 3160 943 3210 Substantia
990 3161 1185 3225 quidem
1238 3161 1407 3212 eadem
1458 3168 1532 3211 est
1571 3163 1676 3225 ejus
1723 3164 1965 3225 corporiS,
2019 3158 2150 3222 quod
2191 3164 2379 3207 noctem

129 3223 290 3292 ὅἨΙοὶῐ,
331 3245 438 3281 cum
478 3247 555 3297 ec,
594 3233 725 3296 quod
766 3233 1005 3283 defectum
1045 3234 1190 3295 Solis,
1231 3241 1282 3283 at
1319 3235 1606 3298 magnitudo
1645 3250 1743 3284 non
1781 3234 2001 3296 aequalis
2042 3234 2263 3294 utrinque
2281 3227 2378 3293 3²³);

124 3302 216 3354 ¹sed
251 3310 436 3367 partem
476 3305 654 3355 Terrae
692 3309 1098 3370 septuagesimam
1138 3308 1400 3357 secundam
1443 3323 1548 3358 esse
1576 3308 1780 3368 Lunam,
1823 3307 2094 3369 Aegyptios
2133 3309 2251 3366 puto
2279 3310 2380 3352 tra-

131 3376 270 3435 dere,
327 3377 649 3440 Anaxagorae
714 3394 830 3428 vero
884 3380 1462 3444 LunaPeloponnesurn
1525 3395 1735 3442 aequare
1795 3379 2010 3438 videtur,
2072 3376 2380 3426 Aristarchus

53 3455 87 3493 ’4
132 3449 459 3499 dimetientem
488 3450 654 3500 Lunae
682 3454 1041 3516 proportionem
1081 3468 1186 3501 eam
1214 3457 1270 3500 ad
1303 3457 1487 3501 Terram
1513 3454 1692 3501 habere
1721 3451 2033 3510 demonstrat,
2074 3465 2200 3513 quae
2224 3451 2379 3498 minor

135 3521 331 3586 quidem
369 3524 431 3570 sit
469 3536 613 3584 quam
656 3529 721 3572 60
762 3524 823 3573 ad
873 3531 952 3587 19,
993 3525 1148 3587 major
1185 3539 1302 3574 vero
1342 3524 1702 3587 quodammodo
1742 3540 1887 3587 quam
1932 3525 2031 3573 108
2071 3523 2132 3572 ad
2174 3528 2236 3573 33
2261 3519 2339 3588 39).

307 3593 434 3642 Hinc
476 3601 563 3655 est,
604 3596 734 3658 quod
772 3597 923 3647 Terra
963 3598 1186 3646 omnibus
1225 3597 1381 3645 modis
1423 3598 1585 3647 Solem
1628 3599 1770 3660 eripit
1808 3599 1936 3645 visui
1977 3597 2038 3646 ob
2077 3595 2380 3660 magnitudi-

75 3708 77 3710 .
136 3682 261 3729 nem,
302 3681 507 3729 magnus
548 3670 673 3716 enim
714 3675 788 3717 est
826 3676 876 3719 et
912 3671 1130 3734 prolixus
1170 3672 1388 3719 incursus
1417 3678 1464 3719 et
1491 3676 1681 3733 tempus
1710 3676 1916 3733 occupat
1954 3676 2157 3732 tantum,
2199 3675 2381 3733 quanta

48 3804 53 3808 ⁷
135 3746 207 3790 est
232 3755 354 3802 nox;
383 3740 522 3788 Luna
549 3755 663 3789 vero
690 3742 733 3788 si
758 3743 904 3791 etiam
929 3743 1093 3792 Solem
1118 3741 1231 3791 olim
1261 3749 1414 3792 toturn
1446 3742 1700 3791 abscondit
1718 3739 1811 3806 ⁴⁰),
1843 3742 2057 3793 defectus
2097 3749 2255 3792 tamen
2283 3744 2375 3790 iste

132 3819 323 3878 tempus
348 3812 532 3861 nullum
560 3813 722 3874 habet,
751 3816 963 3876 spatium
988 3815 1187 3875 nullum,
1228 3815 1314 3864 sed
1355 3818 1482 3865 circa
1510 3815 1678 3865 Lunae
1717 3819 1983 3878 marginem
2019 3816 2173 3866 elucet
2212 3815 2378 3879 splen-

46 3912 74 4015 ·
135 3884 226 3937 dor
251 3885 455 3950 aliquis,
498 3887 581 3952 qui
620 3901 715 3936 non
742 3889 976 3950 permittit
1000 3888 1219 3940 umbram
1244 3889 1346 3939 fieri
1369 3887 1659 3954 profundam
1683 3895 1733 3940 et
1756 3904 1937 3941 meram
1954 3886 2040 3957 ⁴¹).
2092 3887 2379 3940 Aristoteles

41 4010 76 4088 ἱ.
