2652 4088
622 203 624 206 >
652 203 743 238 ;,·
769 195 928 248 Rotae
956 198 1002 247 in
1033 202 1260 249 Somnium
1289 194 1665 251 Astronomicum.
2290 191 2360 262 65

103 344 505 399 observationibus.
566 345 724 404 Itaque
753 347 964 392 monendi
1003 354 1111 394 sunt
1142 349 1470 402 observatores,
1511 348 1749 402 tabellam,
1795 363 1912 407 quae
1943 349 2135 408 suscipit
2165 349 2361 408 effigiem

104 410 222 455 Solis
253 410 517 463 deficientis,
549 419 758 468 oportere
778 415 993 459 munitam
1027 428 1127 460 esse
1159 423 1317 461 contra
1339 428 1514 460 omnem
1534 415 1849 461 titubationem
1881 431 2146 475 semperque
2169 431 2361 476 perpen-

104 476 364 521 diculariter
394 477 531 533 objici
560 478 766 524 foramini
793 481 840 524 in
871 481 1026 526 eadem
1060 480 1287 527 distantia.
1339 481 1456 526 Nam
1487 481 1525 525 si
1547 480 1771 532 deflectat,
1803 482 2145 539 distorquentur
2175 483 2363 529 circum-

103 540 323 587 ferentiae
354 543 728 599 specieilucidae
758 547 893 603 inque
925 547 1146 602 ellipticas
1178 548 1454 603 degenerant
1485 561 1512 591 a
1533 546 1839 592 circularibus.
1884 548 2059 593 Viderit
2089 550 2243 606 itaque
2274 548 2362 594 dis-

106 615 305 665 putator,
337 623 394 654 an
427 611 538 655 satis
570 611 674 654 huic
703 612 986 657 incommodo
1018 616 1317 670 prospexerit.

281 674 411 729 Quod
441 689 535 720 rem
575 677 718 732 ipsam
756 678 939 732 attinet,
978 694 1061 736 pro
1102 693 1240 725 causa
1280 681 1523 727 diminutae
1568 679 1773 724 diametri
1809 679 2070 732 adducta-m,
2114 682 2221 738 quia
2264 694 2362 726 eam

109 743 252 799 ipsam
282 755 366 798 per
396 755 445 787 se
475 756 564 786 non
595 755 734 798 nego,
774 743 1025 790 docendum
1058 748 1191 791 etiam
1225 754 1314 801 est,
1347 763 1426 793 cur
1455 748 1569 792 haec
1602 744 1739 789 causa
1773 745 2077 791 diminutionis
2108 746 2229 791 illius
2262 760 2363 792 esse

34 840 38 854 ,
105 822 195 852 ηοη
226 810 389 866 possit.
448 809 687 866 Nimirum,
722 810 828 866 quia
858 811 990 855 etiam
1023 810 1250 868 pellucida
1280 813 1484 857 umbram
1524 811 1697 855 faciunt
1734 811 1779 854 in
1812 811 1915 856 Sole
1957 811 2189 857 collocata.
2251 813 2362 857 Pro-

106 874 208 919 bavi
238 876 284 919 in
314 875 485 932 Opticis
518 876 834 931 experimentis
877 877 1026 922 bullae
1066 879 1256 934 vitreae,
1295 891 1413 934 aqua
1451 879 1633 934 plenae3
1676 890 1730 921 ea
1768 879 2030 922 transmittit
2061 879 2211 924 radios
2244 880 2362 924 Solis

107 947 153 983 et
182 941 228 984 in
260 947 435 984 tantum
467 941 731 1000 condensat,
765 949 815 987 ut
843 951 977 987 urant
999 950 1148 989 vestes
1175 953 1221 989 et
1243 944 1484 989 incendant
1507 943 1749 1000 pulverem,
1782 949 1829 985 at
1850 943 2137 987 transmissos
2160 945 2203 987 in
2228 943 2363 988 alium

105 1006 254 1052 locum
286 1005 503 1061 deflectit;
535 1007 757 1061 margines
790 1021 895 1052 vero
927 1009 1080 1053 bullae
1111 1011 1288 1054 interim
1316 1009 1579 1065 jaculantur
1608 1007 1972 1052 umbram⁸suam
2002 1008 2138 1051 rectis
2177 1008 2307 1051 lineis
2339 1020 2366 1050 a

107 1073 224 1117 Sole.
286 1071 458 1126 Quodsi
494 1084 582 1127 qua
613 1071 731 1116 Solis
771 1074 917 1118 lumen
957 1077 1148 1119 transire
1192 1080 1365 1132 potest,
1409 1074 1513 1118 inde
1551 1073 1678 1117 nulla
1721 1072 1876 1117 defluit
1917 1072 2096 1129 umbra,
2141 1074 2248 1128 quid
2286 1074 2365 1118 fiet

109 1138 354 1194 eclipsibus
385 1137 557 1195 Lunae,
591 1152 702 1194 quas
735 1153 870 1196 saepe
901 1140 1116 1197 videmus,
1149 1148 1342 1198 utroque
1373 1140 1582 1184 luminari
1613 1152 1751 1195 supra
1781 1138 2059 1182 horizontem
2092 1139 2363 1194 praesente?

109 1203 336 1249 Transivit
366 1203 439 1248 hic
470 1209 620 1249 aerem
650 1215 855 1251 nostrum
879 1207 996 1252 Solis
1026 1207 1179 1252 lumen
1210 1207 1447 1264 pergitque
1479 1206 1613 1250 etiam
1646 1205 1702 1248 ad
1724 1205 1900 1249 Lunam
1921 1217 2080 1262 usque,
2114 1206 2254 1248 Terra
2275 1218 2363 1248 non

106 1269 392 1332 impediente,
425 1271 591 1328 quippe
622 1277 860 1329 utrumque
890 1272 1112 1319 luminare
1143 1287 1280 1331 supra
1313 1280 1395 1319 est.
1459 1273 1577 1330 Quid
1606 1273 1742 1330 igitur
1773 1280 1843 1318 est
1872 1273 2003 1330 illud,
2037 1274 2157 1330 quod
2188 1275 2364 1319 Lunam

108 1337 296 1380 umbrae
324 1341 432 1381 tunc
464 1337 663 1382 involvit.
697 1338 735 1382 si
768 1338 814 1382 id
844 1353 934 1384 non
967 1347 1038 1385 est
1067 1344 1144 1384 aer
1173 1347 1340 1394 noster,
1373 1339 1623 1397 impediens
1656 1338 1850 1384 directos
1882 1340 2000 1384 Solis
2031 1340 2212 1384 radios?
2262 1341 2365 1384 Non

107 1401 259 1446 abolet
287 1402 425 1459 igitur
453 1402 568 1448 falsa
599 1404 717 1449 Solis
748 1405 923 1461 species
962 1419 1044 1461 per
1083 1406 1234 1451 radios
1265 1411 1415 1450 aerem
1445 1410 1730 1462 permeantes
1762 1412 1807 1449 et
1837 1405 1881 1449 in
1914 1420 1968 1452 eo
1999 1405 2244 1461 refractos,
2275 1417 2368 1448 non

108 1466 261 1511 abolet
288 1468 472 1523 inquam
502 1471 703 1526 umbram
737 1471 853 1516 aeris
885 1473 1133 1528 terrestris,
1166 1486 1256 1516 non
1285 1473 1422 1529 igitur
1453 1484 1598 1528 neque
1629 1469 1802 1517 lunaris
1834 1470 1950 1515 aeris
1981 1470 2186 1515 umbram
2217 1471 2366 1516 abole-

108 1533 188 1578 bit.
248 1532 443 1576 Tantum
472 1534 609 1592 igitur
639 1536 695 1581 de
724 1538 868 1594 primo
900 1538 988 1584 hoc
1019 1538 1289 1583 documento
1319 1539 1491 1584 lunaris
1524 1537 1652 1582 aeris.

279 1599 536 1644 Secundum
574 1602 928 1658 experimentum
970 1605 1087 1649 aeris
1126 1605 1245 1651 circa
1275 1605 1452 1650 Lunam
1493 1604 1631 1650 habet
1675 1603 1818 1649 thesis
1853 1602 1953 1648 148.
2011 1603 2144 1647 Luna
2180 1603 2365 1653 bisecta‚

106 1664 285 1722 quando
317 1665 493 1711 stellam
525 1662 723 1724 aliquam
753 1675 907 1726 tegere
937 1670 1097 1728 incipit
1128 1674 1257 1728 parte
1288 1671 1493 1727 obscura,
1526 1683 1580 1716 ea
1601 1670 1788 1728 propius
1805 1674 1959 1714 centro
1982 1668 2142 1714 Lunae
2172 1669 2365 1726 videtur,

107 1745 239 1787 quam
271 1732 507 1788 oppositus
537 1734 701 1780 limbus
731 1736 930 1793 lucidus,
964 1737 1121 1793 plena,
1155 1738 1314 1783 stellas
1345 1737 1651 1792 occultatura,
1688 1736 1864 1781 videtur
1896 1748 1972 1780 eas
2003 1736 2130 1792 prius
2162 1737 2366 1793 recipere

102 1798 224 1842 intra
253 1797 538 1855 complexum
578 1800 713 1856 hujus
745 1814 855 1847 suae
885 1804 1066 1847 tunicae
1096 1803 1296 1860 lucidae,
1338 1803 1620 1860 pellucentes
1653 1815 1734 1859 per
1763 1816 1882 1860 eam3
1932 1808 2042 1847 tunc
2082 1802 2258 1846 demum
2290 1816 2367 1848 eas

106 1930 259 1987 dolph.
298 1931 534 1989 Praecept.
565 1932 667 1978 133.
699 1947 804 1990 pag.
837 1933 909 1979 94.
942 1935 1046 1991 (vol.
1079 1938 1154 1980 VI.
1185 1949 1226 1989 p.
1258 1935 1383 1991 401.)
1415 1935 1461 1979 in
1495 1946 1554 1990 02
1607 1939 1646 1990 3)
1694 1935 1756 1990 ῼ,
1817 1933 2034 1990 Ejusdem
2075 1934 2252 1989 generis
2292 1939 2363 1979 est

106 2003 153 2040 et
183 2003 404 2054 quartum,
435 1998 554 2043 thesi
590 2000 694 2045 150:
739 2000 861 2057 quod
887 2000 1020 2044 Luna
1049 2013 1262 2050 nascens,
1306 2002 1485 2057 quando
1528 2001 1706 2045 videtur
1735 2005 1832 2045 toto
1866 2012 2054 2055 corpore
2084 1999 2251 2044 lumine
2281 1999 2361 2043 im·

95 2063 256 2123 ,becilli
286 2072 331 2109 et
362 2065 519 2117 diluto,
547 2065 681 2121 juxta
703 2073 748 2111 et
768 2080 905 2111 cornu
938 2080 1019 2111 seu
1051 2067 1144 2111 falx
1176 2067 1310 2124 clara,
1343 2067 1464 2123 quod
1495 2075 1603 2113 tunc
1633 2068 1816 2123 inquam
1851 2066 2211 2111 circumferentia
2231 2065 2362 2109 falcis

106 2129 283 2174 lucidae
314 2131 453 2175 multo
486 2130 631 2175 laxior
662 2137 864 2188 apparet,
895 2146 1029 2188 quam
1062 2132 1423 2176 circumferentia
1444 2134 1655 2189 opposita
1677 2133 1892 2189 corporis.
1929 2131 2196 2188 Disputator
2215 2137 2361 2188 putat,

106 2194 275 2240 clarum
305 2195 456 2240 lumen
487 2195 614 2241 falcis
648 2210 747 2241 esse
779 2196 834 2240 ab
867 2198 984 2242 aeris
1016 2197 1186 2242 lunaris
1218 2197 1532 2255 amplitudine,
1566 2198 1688 2243 ultra
1718 2212 1883 2255 corpus
1912 2203 2220 2254 procurrente.
2271 2197 2360 2241 Ad-

100 2260 242 2315 junge
284 2267 328 2303 et
368 2261 571 2316 quintum
614 2263 969 2320 experimentum
1009 2277 1066 2308 ex
1099 2264 1216 2308 thesi
1247 2265 1354 2308 151:
1401 2265 1522 2320 quod
1553 2265 1711 2308 Lunae
1752 2278 1892 2309 cornu
1933 2278 2160 2320 nunquam
2201 2264 2362 2308 exilius

106 2331 318 2369 censetur
347 2328 481 2386 unius
515 2329 640 2386 digiti
670 2330 930 2385 latitudine,
965 2329 1166 2386 quamvis
1198 2330 1425 2374 interdum
1458 2329 1614 2374 eodem
1647 2329 1718 2374 die
1751 2339 1796 2374 et
1825 2331 1962 2387 plena
1993 2338 2038 2374 et
2068 2345 2184 2376 nova
2217 2331 2362 2376 cerni-

106 2397 199 2447 tur,
242 2391 493 2438 illuminata
531 2402 659 2451 parte
703 2396 777 2440 vix
810 2397 1129 2453 octogesimam
1171 2395 1378 2440 diametri
1417 2404 1682 2452 occupante.
1743 2396 2014 2452 Disputator
2050 2396 2214 2441 iterum
2252 2396 2362 2454 vult,

103 2456 244 2501 videri
276 2465 384 2502 tunc
414 2460 612 2504 tunicam
645 2461 761 2505 hanc
791 2461 971 2516 aeriam,
1006 2467 1261 2506 exstantem
1295 2461 1413 2504 ultra
1443 2462 1655 2506 terminos
1682 2462 1897 2518 corporis.

53 2566 55 2586 ζ
279 2527 406 2572 Haec
437 2540 520 2584 ego
550 2530 637 2572 tria
669 2529 976 2586 experimenta
1014 2543 1104 2573 non
1145 2528 1297 2573 censui
1338 2527 1500 2572 idonea
1544 2528 1599 2573 ad
1631 2527 1890 2573 testandum
1933 2528 1987 2573 de
2016 2540 2239 2585 procursu
2270 2533 2363 2572 tam

107 2593 283 2650 prolixo
315 2593 434 2637 ultra
466 2607 630 2651 corpus
662 2595 831 2639 Lunae.
889 2596 1080 2640 Causam
1113 2595 1405 2651 apparentiae
1438 2595 1609 2638 contuli
1641 2596 1686 2638 in
1718 2601 1924 2639 naturam
1948 2595 2084 2651 visua,
2115 2608 2217 2638 nam
2243 2599 2287 2637 et
2309 2594 2364 2636 de

108 2667 242 2704 nocte
274 2659 490 2704 dilatatur
519 2660 696 2716 pupilla
726 2661 843 2706 oculi
875 2667 1000 2705 motu
1032 2660 1228 2705 naturali
1258 2660 1554 2717 irrumpitque
1597 2660 1845 2705 confertior
1880 2661 1960 2703 lux
1989 2660 2148 2717 puncti
2177 2659 2364 2703 visibilis

57 2719 62 2801 l
109 2723 301 2771 lucentis
331 2726 580 2783 imbuitque
610 2728 702 2772 late
735 2728 917 2784 spiritus
950 2727 1140 2772 visorios
1171 2727 1215 2770 in
1248 2726 1470 2770 retiformi
1499 2727 1678 2779 tunica,
1714 2733 1759 2769 et
1789 2727 1841 2771 fit
1871 2727 1986 2771 idem
2022 2727 2077 2771 de
2110 2727 2180 2771 die
2214 2727 2362 2783 etiam,

60 2808 63 2834 i
112 2792 244 2836 oculo
275 2792 322 2837 in
353 2793 503 2838 lumen
534 2793 651 2838 forte
683 2784 868 2839 directo.
911 2794 1010 2838 Hoc
1032 2798 1164 2849 pacto
1189 2791 1370 2835 vitiatur
1401 2793 1579 2849 pictura
1608 2791 1850 2836 visibilium
1880 2794 1927 2836 in
1958 2792 2174 2836 retiformi
2198 2793 2361 2847 tunica,

64 2898 66 2915 ‚
113 2857 312 2903 dilatatis
342 2859 546 2916 partibus
575 2859 735 2904 lucidis
770 2868 814 2905 et
844 2861 1072 2918 regionem
1113 2861 1407 2903 obscurorum
1448 2860 1827 2904 conterminorum
1866 2857 2205 2913 occupantibus.
2267 2858 2366 2901 Pic-

63 2930 67 2973 ¹<
113 2928 241 2969 turae
270 2936 377 2968 vero
408 2924 515 2969 huic
544 2924 663 2969 intra
694 2926 871 2971 oculum
902 2927 947 2969 in
979 2925 1171 2970 cavitate
1202 2924 1445 2970 retiformis
1478 2925 1761 2970 exactissime
1791 2924 2038 2979 respondet
2067 2937 2123 2967 ex
2156 2923 2366 2979 opposito

113 2995 160 3034 et
190 2989 298 3034 visio
330 2990 396 3035 rei
427 2990 613 3035 visibilis
644 2991 882 3038 forinseca.
942 2991 1162 3048 Agnoscit
1194 2996 1239 3035 et
1268 2990 1385 3035 hanc
1425 2990 1693 3035 solutionem
1725 2995 1882 3035 auctor
1911 2990 1957 3033 in
1989 2996 2096 3033 nota
2127 2989 2184 3033 ad
2215 2988 2364 3032 thesin

112 3057 211 3112 151,
243 3070 488 3115 suppresso
519 3070 618 3102 meo
651 3059 849 3114 nomine,
883 3071 1070 3114 eamque
1104 3057 1299 3102 declinat
1330 3063 1572 3112 utcunque,
1607 3062 1820 3100 causatus
1854 3055 2009 3098 eadem
2041 3054 2095 3098 de
2129 3054 2199 3098 die
2231 3053 2364 3096 etiam

113 3123 386 3181 contingere.
448 3125 509 3168 At
538 3124 597 3182 id,
631 3138 720 3181 quo
754 3139 835 3181 ego
867 3125 1087 3169 rationem
1121 3123 1331 3180 dissolvo,
1364 3123 1448 3166 etsi
1481 3122 1535 3165 de
1568 3128 1701 3166 nocte
1733 3128 1801 3166 est
1831 3121 2106 3175 evidentius,
2137 3126 2288 3164 tamen
2320 3123 2365 3162 et

111 3188 258 3247 ipsum
290 3189 345 3234 de
376 3189 447 3234 die
478 3191 614 3235 etiam
645 3191 776 3234 valet.

108 3311 114 3316 ,
286 3256 388 3301 Non
419 3262 567 3300 tamen
599 3257 770 3302 nullum
803 3256 919 3312 hinc,
952 3256 1217 3313 praesertim
1253 3268 1308 3299 ex
1339 3257 1500 3309 quarto
1533 3258 1578 3295 et
1610 3253 1766 3308 quinto
1798 3251 2129 3308 experimentis,
2163 3249 2363 3295 testimo·

114 3320 238 3365 nium
271 3319 499 3377 colligitur
528 3335 610 3378 pro
643 3325 744 3366 aere
774 3322 934 3367 lunari.
981 3324 1094 3366 Nam
1127 3322 1231 3377 quia
1262 3321 1375 3365 radii
1400 3318 1518 3363 Solis
1550 3332 1650 3362 eum
1682 3323 1920 3363 transeunt
1948 3317 2362 3371 lucidissimumque

112 3385 324 3436 reddunt,
358 3386 443 3430 etsi
473 3386 636 3432 limbus
658 3388 770 3431 alias
791 3388 980 3432 idoneus
1001 3393 1070 3431 est
1091 3387 1378 3431 nihilominus
1404 3384 1460 3427 ad
1482 3384 1681 3427 umbram
1704 3384 2040 3440 projiciendam.
2072 3383 2189 3427 idem
2211 3389 2362 3426 tamen

82 3486 85 3501 ⁴
117 3451 323 3498 claritate
354 3452 440 3496 hac
471 3466 554 3497 sua
584 3454 825 3498 combibita
856 3454 1143 3497 vehementer
1172 3457 1321 3495 movet
1349 3451 1515 3507 visum;
1559 3451 1631 3493 cui
1672 3450 1981 3493 vehementiae
2013 3448 2258 3504 respondet
2285 3448 2363 3493 illa

84 3510 87 3556 3·
116 3518 266 3574 passio
300 3524 345 3562 et
373 3518 530 3562 tinctio
563 3518 773 3563 diffluens
805 3519 848 3563 in
880 3518 1121 3573 retiformi,
1165 3531 1216 3561 ac
1254 3517 1442 3573 proinde
1481 3516 1613 3559 etiam
1656 3514 1875 3570 apparitio
1919 3520 2073 3565 tantae
2111 3514 2362 3559 latitudinis

0 3557 27 3656 ἐξ
116 3581 291 3629 lucidae
322 3584 462 3640 partis
494 3586 538 3628 in
570 3598 619 3628 re
649 3583 834 3642 visibili,
865 3596 981 3640 quae
1013 3583 1099 3627 etsi
1131 3597 1220 3626 non
1251 3582 1360 3625 reali
1391 3581 1651 3635 latitudine,
1684 3588 1730 3623 at
1761 3580 1868 3623 reali
1902 3579 2053 3634 vigore
2085 3586 2130 3623 et
2160 3579 2364 3624 claritate

0 3686 31 3724 nm
89 3644 201 3694 (tua
231 3659 451 3695 maturam
483 3650 605 3695 illam
637 3651 793 3695 Lunae
825 3649 1116 3693 emersionem
1149 3654 1373 3693 causatur.
1415 3648 1517 3691 Non
1548 3647 1731 3701 inquam
1763 3644 1892 3690 falcis
1925 3645 2058 3690 realis
2088 3645 2279 3691 latitudo
2301 3646 2362 3690 vi-

89 3706 258 3760 {sibilis
289 3725 504 3761 causatur
533 3721 824 3774 apparentem
860 3715 1154 3770 latitudinem,
1189 3713 1314 3770 quasi
1348 3711 1431 3755 sibi
1454 3716 1870 3767 commensuratam,
1905 3709 1983 3755 sed
2014 3710 2147 3755 realis
2180 3711 2362 3756 claritas

123 3789 334 3828 caueatur
362 3782 520 3828 falsam
550 3781 834 3828 latitudinem
867 3789 912 3825 ct
942 3780 1147 3835 nimiam,
1189 3783 1375 3836 propter
1407 3778 1567 3821 fortem
1600 3775 1862 3821 tinctionem
1893 3776 2072 3822 tunicae
2103 3776 2362 3823 retiformis·

95 3841 244 3906 jffle·
264 3858 382 3905 quae
410 3848 455 3892 in
489 3849 611 3892 hunc
641 3847 822 3892 modum
854 3845 1079 3902 disputavi
1113 3851 1270 3890 contra
1302 3843 1609 3900 experimenta
1648 3841 1766 3886 haud
1808 3840 2027 3887 absimilia
2057 3842 2241 3888 Davidis
2273 3843 2361 3887 Fa·

96 3916 100 3934 *
122 3910 248 3958 bricii
275 3914 323 3960 in
350 3914 687 3973 Prolegomenis
719 3911 1069 3972 Ephemeridum
1098 3924 1310 3957 mearum.

108 4028 116 4047 ,
207 3992 362 4037 Kepleri
385 3993 509 4035 Opera
531 3991 634 4025 vm.
1990 3982 2015 4030 5

104 1870 211 1921 post
240 1871 408 1921 corpus
439 1865 566 1910 abdit
594 1866 822 1923 planeque
854 1869 980 1925 tegit.
1041 1869 1105 1914 Et
1133 1869 1275 1914 habes
1307 1869 1444 1924 hujus
1486 1868 1662 1924 generis
1702 1867 2063 1915 observationem
2095 1867 2237 1913 Tabb.
2271 1867 2364 1913 Ru·
2433 1865 2443 1874 ’
