2652 4088
290 143 397 204 160
874 145 1159 194 Collectanea
1188 159 1245 193 ex
1275 146 1505 193 codicibus
1535 147 1934 196 Pulkoviensibus.

287 297 442 344 vicem
469 297 776 358 quantitates.
839 294 1127 359 Respondet
1151 294 1438 345 Aristoteles
1477 296 1526 344 in
1552 295 1823 361 categoriis
1859 299 2066 361 primum
2105 297 2168 348 ad
2204 300 2411 363 priorem
2437 300 2529 350 ob-

288 369 557 429 jectionem,
598 382 773 417 vocum
798 368 986 418 illarum
1013 367 1196 418 nullam
1224 383 1330 418 esse
1356 368 1580 419 absolute
1618 371 1667 418 in
1691 371 2084 434 praedicamento
2111 374 2409 435 quantitatis,
2443 373 2530 422 sed

286 443 335 488 in
360 441 605 502 relatione,
646 443 908 490 contrarias
946 442 1091 504 igitur
1130 457 1237 492 esse
1274 455 1372 490 non
1409 447 1463 490 ut
1501 445 1811 504 quantitates,
1850 443 1938 493 sed
1975 450 2028 492 ut
2063 445 2233 494 relata.
2310 445 2444 494 Nihil
2480 461 2528 494 n.

287 528 372 576 per
409 529 461 562 se
499 515 658 576 ipsum
708 514 880 563 dicitur
918 528 1170 576 magnum,
1221 514 1308 563 sed
1345 513 1606 565 collatione
1644 516 1707 565 ad
1745 516 1894 565 aliud.
1971 514 2112 566 Unde
2149 532 2210 567 ne
2249 518 2440 580 quidem
2481 521 2530 566 in

285 585 520 635 relatione
567 586 791 636 absolute
839 588 931 636 sibi
969 592 1137 636 mutuo
1190 593 1304 636 sunt
1343 589 1597 638 contraria.
1674 589 1932 652 Reciperet
1982 592 2109 638 enim
2158 605 2307 639 unum
2344 591 2531 654 aliquid

288 658 383 707 duo
423 661 660 708 contraria
698 661 747 706 in
786 674 852 719 se,
893 674 1002 707 cum
1040 659 1167 708 idem
1201 661 1304 722 jam
1340 675 1572 724 parvum,
1606 661 1711 724 jam
1748 676 1979 725 magnum
2018 663 2232 725 dicatur,
2271 664 2530 713 collatione

285 733 415 781 facta
453 746 560 780 cum
600 732 816 781 diversis.
891 731 996 782 Imo
1035 732 1125 796 (X.
1165 732 1283 782 Met.
1327 731 1395 799 5.)
1431 735 1527 800 ait,
1578 748 1676 783 non
1713 750 1943 799 magnum
1981 750 2160 799 parvo,
2200 737 2286 786 sed
2325 737 2530 800 aequale

284 807 474 868 utrique
514 820 618 854 esse
657 806 961 866 contrarium,
1002 813 1056 853 ut
1094 808 1339 868 privativa
1375 809 1588 870 negatio,
1626 822 1741 856 nam
1769 810 2129 870 contrariorum,
2169 824 2294 872 quae
2320 810 2532 859 medium

284 878 471 940 aliquid
507 878 703 939 habent,
744 884 1000 941 utrumque
1023 880 1191 941 negari
1216 894 1389 945 posse;
1426 881 1551 930 inter
1575 895 1806 945 magnum
1833 888 1881 932 et
1903 897 2109 946 parvum
2134 890 2299 933 autem
2326 884 2531 947 aequale

285 951 495 1001 medium
536 958 624 1000 est.

458 1023 534 1072 Ad
574 1024 775 1073 alteram
815 1024 1140 1086 objectionem
1177 1025 1351 1075 similis
1377 1031 1450 1075 est
1485 1029 1738 1090 responsio
1766 1027 1859 1090 (X.
1889 1027 2008 1078 Met.
2039 1027 2125 1089 6.).
2178 1027 2339 1078 Unum
2366 1029 2531 1079 multi-

284 1097 440 1146 tudini
480 1100 768 1146 contrarium
807 1111 902 1145 non
943 1104 994 1144 ut
1034 1100 1192 1147 unitas
1230 1105 1278 1148 et
1313 1095 1501 1148 numeri
1538 1100 1682 1149 simul
1719 1107 1833 1149 sunt
1868 1101 1917 1149 in
1955 1103 2347 1164 praedicamento
2373 1118 2531 1166 quan-

285 1172 464 1231 titatis,
514 1171 599 1219 sed
651 1177 889 1233 quatenus
937 1177 1050 1219 sunt
1100 1173 1308 1221 invicem
1354 1172 1530 1233 relata,
1582 1187 1733 1223 causa
1778 1176 2035 1238 praecipue
2086 1178 2333 1226 materiae.
2406 1177 2530 1226 Nam

290 1244 338 1307 1)
377 1251 684 1307 opponuntur
720 1251 916 1306 propter
949 1244 1215 1305 particulas
1254 1245 1524 1307 divisibile,
1563 1245 1884 1309 indivisibile,
1926 1263 2051 1310 quae
2088 1250 2351 1311 respiciunt
2387 1264 2534 1312 prae-

286 1319 426 1379 cipue
476 1318 754 1379 materiam3
808 1318 863 1378 2)
904 1324 1213 1379 opponuntur
1264 1320 1312 1366 in
1362 1319 1757 1382 praedicamento
1811 1321 2083 1381 relationis,
2134 1329 2188 1369 ut
2238 1324 2439 1371 scientia
2483 1329 2531 1372 et

284 1389 470 1452 scibile,
510 1392 551 1439 si
590 1389 759 1439 scibile
795 1391 860 1438 sit
897 1395 951 1438 ut
987 1403 1227 1452 numerus,
1267 1406 1418 1441 unum
1455 1406 1571 1442 vero
1610 1398 1664 1442 ut
1699 1408 1924 1443 mensura
1962 1389 2055 1462 (X.
2095 1394 2212 1444 Met.
2255 1395 2342 1460 6.).

1235 1543 1424 1618 Caput
1478 1541 1570 1602 12.

982 1660 1065 1706 De
1103 1658 1364 1706 scientiis
1400 1657 1830 1706 mathematicis.

456 1757 542 1811 IV.
580 1757 699 1807 Met.
742 1763 789 1808 2.
830 1756 1117 1808 Aristoteles
1154 1759 1375 1819 affirmat,
1413 1759 1784 1809 mathematicen
1824 1759 2004 1808 habere
2042 1765 2203 1823 partes
2242 1775 2445 1824 esseque
2482 1762 2532 1809 in

286 1848 344 1883 ea
382 1834 564 1895 priores
604 1831 862 1894 quasdam,
914 1830 1036 1880 alias
1073 1833 1364 1895 posteriores
1404 1832 1480 1881 vel
1520 1839 1887 1895 consequentes.
1964 1831 2023 1880 Id
2063 1834 2306 1895 quomodo
2347 1834 2530 1884 iutelli-

282 1907 505 1969 gendum,
546 1919 605 1953 ex
642 1907 936 1953 resumtione
981 1919 1085 1967 cap.
1129 1911 1175 1954 4.
1217 1905 1422 1967 intelligi
1460 1912 1636 1968 potest.
1716 1906 1904 1954 Etenim
1944 1905 2237 1968 audivimus,
2278 1910 2530 1970 quantita-

281 1986 383 2028 tum
421 1978 568 2027 aliam
608 1992 712 2026 esse
740 1979 1032 2038 continuam,
1072 1978 1219 2027 aliam
1247 1977 1516 2036 discretam,
1558 1986 1606 2026 et
1630 1979 1835 2041 priorem
1860 1985 2034 2027 natura
2062 1978 2336 2029 discretam.
2400 1980 2530 2029 Rur-

282 2067 390 2101 sum
429 2052 611 2099 dictum
652 2057 738 2111 est,
779 2053 1039 2113 utrobique
1080 2066 1186 2101 esse
1225 2051 1408 2113 aliquid
1447 2052 1743 2113 primarium,
1784 2053 1950 2114 aliqua
1987 2053 2287 2113 secundaria,
2330 2059 2382 2102 ut
2408 2055 2531 2102 inter

282 2125 488 2174 discreta
512 2138 754 2184 numeruS,
795 2126 919 2173 inter
943 2126 1173 2173 continua
1199 2123 1484 2187 magnitudo
1511 2126 1738 2187 primaria
1778 2131 1865 2173 est.
1916 2123 2143 2174 Omnium
2170 2127 2317 2187 igitur
2341 2126 2532 2175 matbe-

245 2201 481 2253 ,matices
517 2197 803 2246 facultatum
851 2199 1007 2260 prima
1046 2204 1142 2258 est,
1196 2213 1321 2260 quae
1362 2196 1420 2246 de
1459 2200 1671 2246 numeris
1711 2198 1828 2260 agit.
1906 2196 2111 2261 Oportet
2148 2206 2310 2248 autem
2349 2199 2529 2248 intelli-

281 2287 394 2335 gere
432 2285 530 2319 non
570 2285 759 2319 omnem
798 2272 1133 2319 tractationem
1161 2284 1482 2319 numerorum.
1535 2270 1659 2318 Nam
1699 2270 1829 2332 quod
1868 2273 1915 2318 in
1954 2272 2180 2320 universa
2202 2272 2528 2336 philosophia,

281 2345 332 2393 id
370 2346 576 2392 maxime
616 2345 663 2390 in
703 2343 1051 2392 mathematica
1088 2343 1248 2392 locum
1290 2344 1457 2404 habet,
1506 2350 1560 2391 ut
1608 2343 1830 2406 singulae
1870 2345 2101 2394 scientiae
2145 2346 2364 2408 singulas
2403 2353 2529 2395 artes

283 2420 484 2481 gignant
511 2422 558 2466 et
595 2431 680 2479 per
707 2415 815 2464 illas
843 2431 902 2464 ex
930 2416 1117 2465 theoria
1142 2417 1204 2465 ad
1234 2418 1401 2479 praxin
1429 2431 1534 2465 sese
1564 2417 1776 2466 efferant.
1823 2416 2073 2466 Praeticae
2102 2432 2214 2466 vero
2244 2418 2527 2482 disciplinae

284 2491 508 2540 omnibus
547 2489 822 2538 theoreticis
860 2497 973 2537 sunt
1010 2492 1327 2551 posteriores,
1375 2490 1521 2552 igitur
1558 2504 1864 2539 numerorum
1904 2491 2198 2552 cognitioni,
2249 2506 2353 2547 non,
2386 2506 2528 2555 prac-

282 2565 408 2612 ticae
446 2562 592 2628 (quae
634 2562 846 2624 vulgaris
884 2562 1187 2611 arithmetica
1235 2563 1351 2626 est),
1402 2562 1489 2612 sed
1539 2562 1831 2611 scientificae
1884 2565 2089 2626 primum
2140 2563 2298 2612 locum
2348 2567 2525 2617 tribu0.

282 2637 376 2685 Illa
413 2649 527 2684 vero
567 2637 823 2698 perpaucis
870 2642 1058 2683 constat
1107 2635 1432 2684 theorematis,
1497 2634 1726 2697 Sequitur
1763 2635 1888 2684 hanc
1936 2636 2260 2686 arithmetices
2297 2638 2526 2701 specula-

283 2711 438 2757 tivam
477 2716 663 2771 partem
701 2710 984 2769 geometria,
1038 2723 1163 2769 quae
1211 2708 1269 2756 de
1316 2708 1732 2770 magnitudinibus
1782 2710 1884 2770 agit
1928 2711 2146 2758 seorsim.
2221 2711 2292 2758 Ea
2339 2726 2524 2759 rursum

283 2782 461 2845 duplex
502 2787 600 2840 est,
652 2781 917 2829 theoretica
963 2787 1011 2828 et
1048 2781 1283 2843 practica,
1335 2781 1470 2829 nulla
1507 2795 1553 2827 n.
1594 2781 1796 2828 scientia
1842 2780 1950 2843 plus
2003 2780 2064 2829 ad
2111 2787 2348 2845 practicae
2397 2793 2525 2834 artes

284 2854 534 2914 conducit,
591 2868 735 2916 quam
783 2855 1063 2915 geometria.
1148 2854 1210 2901 Et
1256 2853 1450 2915 quidem
1499 2855 1793 2915 geometriae
1843 2854 2136 2903 theoreticae
2190 2858 2326 2904 initio
2377 2856 2523 2919 hujus

280 2934 515 2977 tractatus
554 2926 675 2974 duas
712 2927 913 2975 fecimus
952 2932 1129 2989 partes,
1169 2941 1315 2975 unam
1354 2926 1413 2975 de
1441 2926 1870 2988 magnitudinibuS,
1913 2934 2152 2989 quatenus
2179 2928 2297 2977 fiunt
2324 2929 2522 2992 figurae,

285 3001 485 3051 alteram
526 3000 585 3049 de
625 3002 983 3062 comparatione
1021 2998 1281 3062 figurarum
1321 3006 1370 3047 et
1408 3000 1747 3062 quantitatum,
1786 2999 1915 3047 unde
1955 3003 2203 3063 proportio
2244 3003 2432 3059 existit„

453 3072 562 3122 Hae
602 3072 726 3121 duae
764 3073 1011 3132 scientiae,
1052 3072 1354 3120 arithmetica
1380 3078 1428 3121 et
1451 3074 1717 3135 geometria
1740 3072 2058 3135 speculativa,
2097 3080 2290 3123 mutuas
2328 3074 2524 3124 tradunt

283 3160 452 3209 operas
491 3160 580 3195 nec
617 3147 679 3194 ab
717 3147 924 3194 invicem
963 3147 1178 3208 separari
1226 3151 1453 3208 possunt,
1507 3147 1730 3207 quamvis
1782 3151 1830 3193 et
1880 3145 2183 3195 arithmetica
2230 3149 2293 3196 sit
2341 3149 2523 3210 princi-

279 3222 412 3283 pium
453 3219 757 3282 cognitionis.

454 3292 732 3354 Sequuntur
763 3292 866 3355 jam
904 3293 1158 3351 scientiae,
1208 3305 1331 3353 quae
1378 3295 1629 3340 versantur
1677 3292 1803 3339 circa
1851 3293 2146 3352 quantitates
2194 3293 2562 3347 secundariae„
2632 3282 2633 3286 ¹

282 3365 344 3413 Et
380 3367 590 3414 numeris
630 3364 824 3427 quidem
862 3362 1009 3427 supra
1045 3366 1290 3413 accensita
1327 3364 1416 3412 suit
1456 3365 1682 3411 oratio.
1757 3364 1930 3425 Itaque
1969 3366 2185 3427 proxime
2222 3372 2334 3428 post
2370 3366 2522 3414 arith-

283 3441 506 3486 meticam
544 3440 761 3500 sequitur
811 3439 1023 3500 cognitio
1072 3439 1356 3500 quantitatis
1404 3435 1728 3500 syllabarum,
1780 3451 1904 3498 quae
1946 3444 2020 3485 est
2068 3452 2179 3500 pars
2217 3440 2434 3500 poe'tices
2473 3443 2521 3487 et

286 3512 525 3559 oratoriae
566 3517 612 3559 et
650 3511 799 3559 habet
835 3525 1086 3559 numerum
1125 3510 1420 3559 materialem
1459 3523 1546 3572 pro
1585 3509 1819 3570 subjectO,
1860 3516 2049 3572 tempus
2076 3524 2141 3558 sc.
2170 3510 2519 3572 pronunciandi

288 3582 598 3632 numerabile.
675 3583 751 3632 Ita
789 3597 950 3644 voceS,
992 3590 1229 3646 quatenus
1266 3585 1477 3632 numeris
1518 3583 1896 3641 communicant,
1936 3583 2057 3631 fiunt
2094 3583 2365 3645 subJectum
2405 3584 2520 3632 har·
2583 3636 2586 3641 ,

285 3658 525 3721 moniceS,
574 3671 698 3719 quae
737 3656 1186 3720 Pythagoraeorum
1234 3658 1450 3704 inventio
1502 3662 1589 3703 est.
1664 3654 1765 3702 Nos
1817 3662 1976 3704 tamen
2033 3656 2155 3703 infra
2213 3655 2367 3705 aliter.
2444 3657 2519 3705 Ita

285 3729 410 3776 inter
448 3731 675 3778 continua
713 3744 821 3777 cum
859 3736 956 3777 tres
995 3731 1090 3777 sint
1127 3728 1474 3792 magnitudinis
1513 3729 1726 3790 specieS,
1777 3727 1926 3789 linea,
1965 3728 2266 3791 superficies,
2321 3743 2516 3792 corpus:

285 3800 415 3849 linea
453 3801 661 3863 quidem,
704 3809 942 3865 quatenus
980 3801 1078 3851 luci
1114 3803 1322 3851 radianti
1363 3802 1705 3860 communicat,
1746 3799 1799 3848 fit
1835 3801 2106 3863 subjectum
2146 3803 2357 3866 optices,
2395 3816 2520 3864 qua·

286 3880 425 3925 tenus
462 3877 640 3940 motui,
688 3875 742 3925 fit
779 3876 1052 3941 subjectum
1102 3875 1430 3939 mechanices,
1482 3879 1721 3939 quatenus
1758 3878 1949 3939 tempus
1989 3875 2262 3939 constituit,
2309 3874 2363 3924 fit
2399 3874 2518 3926 sub·
