2652 4088
426 733 972 851 PLUTARCHI
1047 735 1634 852 Pffltosffl’ffl
1712 736 2405 891 CHAERONENSIS

381 956 719 1030 Libellus
778 958 869 1030 de
923 959 1142 1048 facie,
1201 984 1391 1055 quae
1447 966 1523 1031 in
1578 960 1758 1032 orbe
1812 959 2074 1031 Lunae
2127 966 2451 1055 apparet.

295 1139 338 1198 E
386 1155 597 1212 graeco
660 1139 882 1199 lacunis
954 1141 1214 1214 plurimis
1274 1142 1596 1200 deformato
1659 1140 1836 1200 latine
1895 1140 2185 1210 reddituS‚
2252 1140 2544 1198 annotatis

298 1228 372 1287 ad
433 1229 747 1299 marginem
811 1228 1157 1287 lectionibus
1219 1230 1554 1302 interpretis
1617 1228 1844 1302 judicio
1915 1229 2423 1298 emendatioribuS‚
2485 1234 2541 1284 et

298 1316 592 1391 plerisque
638 1316 694 1374 in
744 1317 965 1374 lacunis
1013 1317 1316 1390 suppletus
1365 1316 1716 1391 conjecturis
1778 1332 1851 1374 ex
1902 1317 2142 1375 materia
2192 1321 2248 1374 et
2298 1318 2543 1376 circum-

298 1406 523 1462 stantiis
582 1420 961 1477 personarum
1020 1405 1379 1480 loquentium
1435 1405 1652 1475 ductiS,
1712 1405 1923 1478 passim
1982 1406 2153 1464 etiam
2215 1405 2366 1463 notis
2414 1404 2543 1462 illu-

295 1497 526 1549 stratus
617 1493 837 1567 Estque
884 1494 1252 1564 lacunarum,
1317 1510 1462 1568 quas
1512 1493 1742 1551 codices
1789 1494 2043 1550 hiatibus
2091 1494 2377 1562 indicant,
2442 1493 2544 1549 im-

295 1581 562 1653 pletionis
609 1583 835 1653 signum
884 1578 912 1654 (
1000 1577 1064 1654 );
1130 1598 1274 1656 quas
1323 1597 1461 1639 vero
1510 1580 1843 1655 conjectura
1891 1581 2012 1653 sola
2061 1581 2376 1653 arguebat,
2438 1595 2543 1639 eae

946 1681 1183 1742 scriptura
1225 1678 1418 1728 diversa
1470 1675 1708 1728 curatae
1754 1674 1886 1728 sunt

868 1908 1312 1994 JOANNE
1390 1909 1989 1991 KEPPLERO

1213 2035 1633 2080 Mathematico.

474 2286 671 2335 Initium
710 2286 861 2335 libelli
909 2287 1060 2337 deest.
1137 2286 1355 2351 Apparet
1392 2297 1554 2337 autem
1595 2303 1655 2338 ex
1691 2292 1943 2346 contextu,
1995 2285 2184 2332 initium
2223 2299 2330 2334 esse
2368 2284 2550 2332 sactum

304 2376 334 2409 a
371 2362 692 2423 promissione
730 2360 926 2409 fabulae
967 2360 1024 2408 de
1066 2361 1399 2410 Daemonibus
1439 2363 1735 2419 Lunaribus,
1784 2374 1929 2422 quam
1970 2357 2186 2420 Syllae
2225 2359 2393 2405 tribuit
2429 2357 2553 2406 Plu-

306 2433 516 2482 tarchus.
567 2434 624 2481 Ei
666 2447 778 2481 vero
819 2433 1106 2481 Plutarchus
1147 2434 1461 2483 interlocutus
1500 2438 1661 2482 varias
1702 2433 1823 2482 dixit
1861 2446 1967 2480 esse
2004 2430 2402 2493 philosophorum
2445 2432 2555 2493 opi-

303 2509 473 2554 niones
516 2506 572 2554 de
611 2506 779 2554 Lunae
819 2507 1020 2554 maculis
1060 2509 1400 2570 quaesivitque
1440 2523 1495 2556 ex
1535 2509 1696 2571 Sylla,
1735 2522 1849 2554 num
1888 2504 2078 2568 placeat
2116 2502 2225 2551 illas
2266 2505 2395 2566 prius
2435 2518 2553 2551 exa-

306 2580 493 2627 minari.
568 2579 806 2627 Notentur
843 2581 990 2641 igitur
1026 2594 1278 2642 personae,
1320 2596 1441 2643 quas
1481 2581 1740 2629 introducit
1777 2576 2091 2636 Plutarchus,
2147 2583 2194 2624 et
2234 2592 2377 2640 quam
2417 2578 2553 2640 quis-

306 2667 398 2715 que
438 2658 618 2701 sectam
656 2652 938 2714 profiteatur
978 2667 1185 2714 quamve
1226 2654 1499 2715 opinionem
1541 2654 1598 2703 de
1638 2651 1840 2701 maculis
1879 2650 2046 2698 Lunae
2087 2649 2327 2699 defendat.

482 2730 526 2773 1.
568 2725 777 2788 Sylla,
817 2725 1031 2773 fabulam
1073 2725 1285 2773 dicturus
1326 2734 1413 2775 est.

482 2803 530 2849 2.
569 2798 954 2846 Plutarchus
993 2806 1066 2846 est
1105 2801 1188 2860 qui
1226 2798 1442 2860 loquitur
1480 2800 1527 2845 in
1555 2812 1762 2860 persona
1787 2799 1941 2860 prima
1980 2797 2160 2858 quique
2200 2794 2401 2844 aliarum
2440 2810 2552 2858 per-

310 2885 536 2920 sonarum
589 2885 834 2919 sermones
874 2877 1232 2919 commemorat.
1306 2872 1421 2934 Ipse
1461 2871 1694 2930 defendit,
1749 2869 1964 2918 maculas
2002 2883 2096 2916 non
2137 2883 2242 2916 esse
2281 2868 2552 2932 emphasin,

309 2959 404 2992 non
445 2945 590 2991 maris
630 2943 851 3005 effigiem,
892 2944 977 2991 sed
1017 2958 1124 2992 esse
1163 2946 1314 2992 maria
1352 2951 1436 2992 aut
1475 2945 1629 2991 valles
1666 2944 1936 3005 umbrosas,
1976 2943 2097 2990 inter
2133 2947 2321 2990 montes
2347 2942 2554 2990 abditas.

482 3021 530 3067 3.
571 3016 955 3076 ClearchuS,
1002 3019 1367 3079 peripateticus,
1418 3017 1658 3077 defendit,
1705 3016 1923 3064 maculas
1963 3029 2068 3062 esse
2107 3014 2367 3077 imaginem
2404 3016 2556 3063 nostri

311 3091 471 3138 maris.
550 3090 741 3138 Absens
780 3104 810 3137 a
847 3088 1090 3151 colloquio
1132 3089 1383 3151 allegatur.

481 3167 527 3211 4.
569 3161 962 3221 Aristoteles,
1003 3164 1360 3224 peripateticus,
1403 3161 1650 3209 Plutarchi
1690 3166 1996 3208 coaetaneus.

486 3239 532 3285 5.
572 3235 1029 3299 ApollonideS‚
1071 3241 1333 3297 geometra,
1372 3234 1693 3298 geographuS,
1734 3240 2056 3283 astronomus

485 3314 531 3357 6.
574 3309 905 3371 Lamprias,
946 3307 1328 3357 mathematicus

487 3388 534 3430 7.
574 3382 992 3445 Hipparchus,
1033 3383 1238 3443 opticus.

487 3459 534 3502 8.
577 3455 845 3503 Lucius:
896 3454 1083 3502 Lunam
1124 3469 1229 3502 esse
1269 3459 1485 3512 terream,
1526 3467 1620 3500 non
1661 3454 1865 3512 igneam.

488 3533 533 3574 9.
573 3527 936 3587 Pharnaces,
978 3529 1184 3575 stoicus:
1226 3527 1412 3573 Lunam
1452 3541 1559 3574 esse
1598 3528 1805 3587 igneam.

461 3603 540 3646 10.
581 3599 826 3658 Theon,
870 3601 1159 3662 Aegyptius,
1202 3599 1465 3647 Aristarchi
1504 3599 1654 3647 lector
1685 3603 1733 3644 et
1759 3597 2047 3659 discipulus;
2089 3596 2345 3657 eidemque
2383 3595 2557 3642 tribui-

312 3676 403 3725 tur,
445 3671 573 3732 quod
612 3687 669 3720 ex
706 3675 864 3734 poe'tis
890 3675 1039 3720 variis
1064 3673 1341 3720 testimonia
1367 3671 1590 3734 colligere
1615 3670 1771 3718 soleat
1798 3669 1857 3718 de
1884 3671 2093 3718 tenebris
2122 3670 2318 3718 diurnis.
2384 3667 2557 3714 Astro-

314 3756 487 3790 nomus
526 3745 671 3804 igitur
710 3752 757 3792 et
794 3747 1136 3806 grammaticus
1177 3752 1264 3793 est.
1339 3745 1498 3807 Negat
1537 3744 1723 3791 Lunam
1761 3742 2075 3791 habitabilem
2114 3756 2234 3790 esse.
2299 3741 2557 3788 Commen-

316 3821 448 3862 tatus
489 3821 561 3863 est
598 3817 645 3861 in
685 3818 952 3864 Alcmania.

465 3892 545 3936 11.
585 3887 916 3952 MenelauS,
954 3888 1339 3938 mathematicus.
