2652 4088
923 139 1211 188 Astronomia
1241 135 1448 185 LunariS.
2241 128 2310 187 35

62 312 226 350 cessus
263 310 410 362 supra
447 293 589 356 diem,
629 295 704 344 sin
740 293 790 341 in
828 291 972 354 diem,
1011 295 1127 340 tunc
1164 292 1498 352 exaequantur
1519 287 1677 350 magis
1716 299 1814 335 nox
1851 289 1900 335 et
1937 283 2055 349 dieS,
2096 282 2227 348 quod
2263 284 2314 332 in

61 374 202 423 annis
243 377 271 420 9
311 370 366 419 fit
402 368 582 431 seme13
620 367 931 431 permutatim
971 363 1102 427 apud
1140 362 1476 412 subvolvanos
1499 355 1614 428 ¹¹⁴).

233 443 444 493 Tantum
497 444 643 506 igitur
698 438 758 489 de
813 441 896 502 iis,
963 451 1088 501 quae
1145 433 1503 500 quodammodo
1569 433 1886 483 communiter
1947 428 2315 497 hemisphaeriis

62 519 308 569 eveniunt.

634 629 720 678 De
758 624 1243 688 Hemisphaerio
1282 624 1737 690 privolvarum.

232 731 350 782 Jam
374 729 504 795 quod
528 729 723 793 singula
746 726 1105 791 hemisphaeria
1129 728 1330 776 seorsim
1357 728 1545 787 attinet,
1587 729 1755 790 ingens
1793 727 1919 776 inter
1958 742 2016 776 ea
2055 732 2126 777 est
2153 725 2319 776 diver-

60 806 197 855 sitas.
269 805 439 868 Neque
477 805 606 852 enim
643 809 830 851 tantum
867 802 1141 864 praesentia
1180 806 1227 850 et
1265 801 1488 849 absentia
1526 799 1716 849 Volvae
1766 800 2086 849 dissimillima
2125 800 2321 848 exhibet

61 877 355 942 spectacula,
395 876 481 926 sed
517 876 640 925 haec
677 878 784 939 ipsa
822 875 1097 924 communia
1134 873 1471 936 phaenomena
1511 872 1867 922 diversissimos
1905 874 2087 923 habent
2122 874 2319 922 effectus

61 952 175 1001 hinc
211 957 260 1000 et
295 950 434 1011 inde,
482 949 605 998 adeo
644 955 699 997 ut
735 949 913 997 rectius
959 947 1164 995 fortasse
1213 945 1547 1010 privolvarum
1586 945 1995 1008 hemisphaerium
2035 947 2129 994 dici
2165 948 2323 1008 possit

63 1027 450 1088 intemperatum,
490 1021 839 1071 subvolvarum
877 1026 1213 1084 temperatum.
1272 1019 1396 1068 Nam
1436 1018 1568 1081 apud
1605 1020 1857 1082 privolvas
1896 1034 1993 1067 nox
2031 1026 2105 1068 est
2130 1026 2321 1066 nostros

67 1103 131 1148 15
171 1097 253 1147 vel
294 1098 358 1146 16
400 1095 503 1144 dies
541 1095 787 1144 naturales
825 1094 988 1157 longa,
1026 1093 1271 1156 perpetuis
1310 1092 1507 1140 horrida
1543 1093 1770 1152 tenebris,
1813 1099 2024 1154 quantae
2064 1091 2193 1155 apud
2233 1106 2321 1140 nos

61 1176 177 1220 sunt
222 1175 364 1219 nocte
402 1169 568 1229 illuni,
621 1170 799 1232 quippe
838 1166 984 1215 nullis
1021 1165 1214 1214 Volvae
1261 1165 1410 1213 radiis
1448 1180 1509 1214 ne
1549 1165 1635 1214 illa
1675 1165 1870 1228 quidem
1918 1165 2189 1214 illustratur
2228 1180 2322 1212 un-

63 1258 238 1308 quam3
286 1245 451 1304 itaque
491 1243 654 1290 omnia
690 1243 847 1303 rigent
885 1240 998 1302 gelu
1037 1245 1085 1288 et
1121 1240 1306 1302 pruinis
1331 1233 1420 1302 ¹¹⁵)
1467 1240 1760 1302 insuperque
1802 1245 1850 1288 et
1888 1241 2046 1288 ventis
2084 1238 2323 1300 rigidissi-

61 1318 153 1366 mis
191 1323 241 1366 et
276 1315 591 1365 validissimis
617 1309 729 1378 ¹¹⁶);
769 1312 987 1363 succedit
1012 1312 1130 1373 dieS,
1175 1316 1240 1360 14
1268 1317 1457 1360 nostros
1482 1311 1633 1374 longa
1659 1313 1737 1361 vel
1774 1327 1830 1360 eo
1857 1312 2006 1375 paulo
2033 1314 2191 1360 minus
2214 1307 2323 1373 ¹¹⁷),

65 1391 241 1454 quibus
280 1395 329 1438 et
367 1387 455 1438 Sol
491 1388 647 1450 major
669 1383 759 1450 ¹¹5)
799 1393 848 1436 et
885 1387 975 1434 sub
1015 1385 1123 1433 fixis
1162 1385 1328 1433 tardus
1354 1380 1441 1450 l¹⁹)
1481 1391 1529 1434 et
1555 1389 1688 1434 venti
1716 1385 1836 1433 nulli
1859 1382 1971 1452 ¹²⁰).
2031 1385 2204 1447 Itaque
2230 1386 2324 1432 im-

62 1477 260 1512 mensus
287 1469 466 1511 aestus,
518 1462 683 1525 Atque
708 1462 778 1509 sic
815 1461 974 1522 spatio
1001 1460 1229 1507 nostratis
1256 1459 1436 1506 mensis
1474 1473 1561 1507 seu
1589 1458 1685 1508 diei
1712 1459 1950 1508 Levanici
1989 1473 2084 1506 uno
2126 1458 2325 1507 eodem-

67 1551 164 1599 que
200 1535 309 1584 loco
351 1541 399 1583 et
438 1541 603 1584 aestus
642 1540 716 1583 est
754 1532 1036 1596 quindecies
1075 1532 1336 1581 ferventior
1375 1532 1590 1581 africano
1629 1539 1812 1594 nostr0‚
1854 1538 1902 1581 et
1939 1531 2051 1595 gelu
2090 1531 2325 1580 intolera-

63 1610 211 1659 bilius
249 1610 523 1672 quivirano.

0 1743 1 1747 Ἰ
236 1681 555 1731 Peculiariter
592 1678 875 1741 notandum,
916 1677 1048 1746 quod
1085 1678 1285 1741 planeta
1324 1677 1458 1726 Mars
1496 1679 1573 1739 iis,
1616 1679 1699 1742 qui
1738 1679 1787 1725 in
1828 1677 2099 1727 meditullio
2137 1676 2326 1741 privol-

0 1749 1 1756 '
67 1770 236 1809 varum
272 1761 409 1816 sunt,
455 1760 598 1804 nocte
635 1753 820 1814 media,
872 1754 1043 1802 ceteris
1095 1753 1145 1799 in
1192 1765 1281 1799 suo
1322 1753 1497 1815 cuique
1535 1754 1692 1801 noctis
1732 1751 1962 1814 articuIO,
2013 1766 2136 1815 pene
2178 1750 2325 1815 duplo

64 1829 221 1893 major
257 1828 498 1879 interdum
537 1830 763 1891 cernitur,
803 1841 950 1890 quam
986 1826 1130 1875 nobis
1154 1820 1261 1890 121).

634 2004 722 2053 De
760 2001 1242 2066 hemisphaerio
1283 1999 1767 2050 subvolvarum.

242 2104 552 2153 Transiturus
601 2105 664 2154 ad
710 2105 805 2155 hoc
849 2107 1030 2170 incipio
1077 2104 1140 2154 ab
1189 2104 1295 2168 ejus
1341 2103 1632 2166 limitaneis,
1673 2106 1756 2167 qui
1796 2104 2026 2153 circulum
2067 2104 2328 2154 divisorem

67 2178 356 2227 inhabitant.
431 2178 499 2226 Iis
539 2181 665 2227 enim
703 2178 797 2228 hoc
833 2179 1079 2243 peculiare
1119 2183 1206 2238 est,
1246 2184 1301 2225 ut
1340 2177 1663 2240 digressiones
1706 2177 1909 2226 Veneris
1950 2185 1998 2227 et
2036 2178 2264 2228 Mercurii
2298 2194 2328 2227 a

67 2251 182 2301 Sole
223 2251 483 2300 observent
520 2251 672 2300 multo
711 2253 921 2316 majores
962 2267 1107 2315 quam
1144 2265 1233 2299 nos
1254 2246 1360 2316 122).
1422 2243 1605 2299 Iisdem
1645 2257 1692 2299 et
1717 2251 1885 2299 Venus
1913 2254 2055 2301 certis
2094 2254 2328 2316 tempori-

67 2326 159 2374 bus
198 2324 346 2388 duplo
385 2331 588 2388 apparet
624 2326 780 2388 maj0r
818 2341 965 2390 quam
1002 2319 1284 2392 iiobis123),
1336 2327 1625 2387 praesertim
1663 2325 1747 2386 iis,
1789 2327 1871 2388 qui
1911 2326 2002 2375 sub
2053 2325 2168 2390 polo
2215 2341 2332 2390 sep-

69 2397 347 2448 tentrionali
386 2398 610 2446 habitant
634 2395 739 2462 ¹²⁶⁸).

240 2469 469 2519 Omnium
507 2486 624 2520 vero
661 2471 1015 2534 jucundissima
1052 2476 1126 2520 est
1164 2471 1211 2517 in
1237 2470 1459 2520 Levania
1486 2470 1757 2534 speculatio
1800 2471 1990 2521 Volvae
2018 2487 2151 2535 suae,
2193 2473 2330 2535 cujus

69 2543 142 2592 illi
180 2544 401 2592 fruuntur
439 2552 700 2608 conspectu
739 2547 787 2592 in
827 2546 1274 2608 compensationem
1314 2543 1483 2593 Lunae
1523 2552 1741 2606 nostrae,
1783 2559 1881 2607 qua
1921 2560 2030 2594 cum
2068 2547 2189 2609 ipsi,
2229 2553 2332 2594 tum

75 2624 124 2666 et
158 2617 414 2681 privolvae
454 2624 618 2667 carent
655 2621 848 2681 penitus
873 2614 974 2684 ¹²⁵).
1051 2618 1113 2665 Et
1150 2632 1180 2665 a
1218 2617 1410 2666 Volvae
1450 2618 1596 2681 hujus
1648 2620 1846 2680 perenni
1885 2622 2161 2681 praesentia
2198 2622 2331 2682 regio

75 2704 136 2740 ea
172 2690 510 2740 denominatur
533 2691 856 2752 subvolvana,
896 2693 1022 2740 sicut
1046 2690 1234 2754 reliqua
1273 2691 1336 2739 ab
1375 2691 1481 2754 ejus
1521 2693 1743 2740 absentia
1781 2693 2112 2755 privolvarum
2140 2692 2329 2755 dicitur,

75 2762 206 2826 quod
243 2766 340 2812 sint
375 2766 553 2827 privati
591 2772 855 2828 conspectu
893 2763 1099 2813 Volvae.

13 2831 15 2838 ⁴
248 2837 403 2885 Vobis
441 2836 699 2886 Terrarum
739 2838 910 2886 incolis
948 2838 1090 2886 Luna
1127 2843 1319 2898 nostra,
1374 2851 1480 2885 cum
1518 2837 1665 2900 plena
1716 2843 1790 2886 est
1829 2840 2049 2887 exoriens
2089 2853 2330 2902 superque

77 2906 246 2958 domos
282 2910 576 2973 longinquas
614 2912 918 2974 ingrediens,
972 2911 1091 2959 dolii
1131 2910 1309 2959 circulo
1350 2909 1542 2958 videtur
1580 2911 1871 2973 adaequari,
1913 2913 1995 2960 ubi
2034 2913 2081 2958 in
2122 2913 2334 2961 medium

16 3023 17 3026 ,
76 2981 197 3031 coeli
235 2982 533 3044 ascenderit,
591 2987 673 3032 vix
712 2985 913 3034 humani
953 2984 1114 3032 vultus
1153 2983 1460 3032 latitudinem
1500 2992 1846 3046 repraesentat.
1910 2985 2177 3033 Subvolvis
2216 2999 2331 3034 vero

16 3051 19 3110 ἶ
80 3053 244 3103 Volva
281 3071 371 3104 sua
407 3058 456 3102 in
494 3058 601 3120 ipso
640 3057 763 3107 coeli
801 3057 962 3107 medio
1002 3057 1167 3120 (quem
1206 3059 1351 3105 situm
1380 3057 1566 3105 obtinet
1603 3057 1734 3120 apud
1762 3072 1861 3119 eos,
1903 3060 1985 3120 qui
2025 3058 2247 3106 habitant
2286 3059 2332 3104 in

18 3147 19 3150 ¹
76 3126 347 3177 meditullio
395 3143 481 3177 seu
521 3130 748 3180 umbilico
797 3131 942 3193 hujus
993 3125 1361 3198 hemisphaerii)
1411 3129 1558 3193 paulo
1609 3133 1766 3178 minus
1807 3131 2078 3195 quadruplo
2126 3131 2334 3193 longiori

20 3229 21 3235 ,
80 3198 313 3250 diametro
354 3203 587 3263 cernitur,
628 3218 773 3266 quarn
811 3204 953 3251 nobis
990 3210 1156 3251 nostra
1194 3203 1360 3263 Luna,
1401 3203 1526 3251 adeo
1566 3209 1618 3251 ut
1659 3203 1899 3252 discorum
1939 3206 2159 3252 instituta
2198 3219 2333 3253 com-

20 3271 21 3290 *
78 3274 331 3338 paratione
369 3274 694 3338 quindecuplo
735 3277 889 3339 major
927 3277 990 3323 sit
1029 3275 1221 3323 illorum
1261 3274 1422 3324 Volva
1461 3272 1605 3324 Luna
1643 3283 1809 3325 nostra
1831 3272 1935 3339 ¹²⁶).
1991 3275 2178 3337 Quibus
2218 3291 2332 3326 vero

80 3346 245 3395 Volva
281 3345 519 3395 horizonti
557 3355 790 3411 perpetuo
830 3349 1062 3409 inhaeret,
1103 3349 1163 3396 iis
1204 3350 1390 3397 eminus
1429 3352 1607 3397 montis
1648 3351 1784 3410 igniti
1823 3351 2032 3411 speciem
2073 3350 2282 3399 exhibet.

255 3416 674 3480 Quemadmodum
712 3422 859 3484 igitur
896 3435 985 3469 nos
1025 3422 1246 3481 regiones
1273 3421 1611 3483 distinguimus
1638 3436 1723 3481 per
1761 3422 2060 3470 elevationes
2099 3423 2199 3486 poli
2226 3439 2334 3472 ma-

23 3494 25 3558 }
80 3490 212 3555 iores
251 3492 569 3554 minoresque,
610 3492 725 3542 licet
761 3493 926 3557 polum
964 3494 1122 3554 ipsum
1162 3491 1314 3541 oculis
1352 3507 1447 3541 non
1475 3508 1748 3555 cernamus,
1791 3496 1860 3542 sic
1898 3494 1992 3543 illis
2031 3495 2186 3546 eidem
2225 3497 2335 3546 usui

85 3561 234 3615 servit
272 3563 478 3613 altitudo
518 3564 723 3628 Volvae,
765 3579 954 3628 semper
993 3566 1301 3628 conspicuae,
1342 3565 1547 3614 diversis
1586 3566 1706 3615 locis
1745 3565 1953 3619 diversa.

258 3635 572 3700 Quorundam
614 3639 754 3699 enim,
795 3645 848 3686 ut
888 3637 1009 3698 dixi,
1049 3638 1311 3686 verticibus
1350 3641 1582 3703 imminet,
1623 3638 1731 3687 aliis
1770 3640 1890 3688 locis
1925 3641 2066 3703 juxta
2105 3642 2332 3692 circulum

26 3704 29 3742 ἵ
87 3706 386 3759 horizontem
439 3709 670 3774 depressa
725 3710 943 3771 videtur,
999 3709 1196 3772 reliquis
1245 3725 1274 3758 a
1312 3713 1491 3760 vertice
1541 3726 1708 3760 versus
1757 3715 2057 3764 horizontem
2108 3716 2332 3779 declinat,

91 3782 308 3846 quolibet
345 3782 453 3832 loco
494 3790 793 3833 constantem
831 3789 1064 3848 perpetuo
1103 3783 1408 3832 altitudinem
1449 3790 1696 3833 ostentans
1720 3781 1824 3850 ¹²⁷).

259 3855 382 3906 Cum
430 3864 594 3908 autem
643 3863 690 3907 et
728 3859 821 3922 ipsi
867 3870 982 3907 suos
1026 3856 1241 3906 habeant
1289 3858 1430 3921 polos
1454 3855 1569 3923 126),
1626 3860 1708 3923 qui
1746 3873 1842 3909 non
1895 3860 2026 3924 apud
2064 3861 2176 3911 illas
2212 3863 2334 3913 fixas

1923 3943 1987 3988 3„
