2652 4088
323 224 430 279 334
917 222 1203 270 collectanea
1233 235 1290 270 ex
1321 222 1550 272 codicibus
1580 223 1978 271 Pulkoviensibus.

322 373 452 421 corni
488 369 713 433 gedacht,
753 371 871 420 aber
906 374 978 420 nit
1003 377 1189 435 gesagt,
1231 370 1318 420 das
1347 371 1669 434 Capricornus
1707 375 1755 421 in
1783 371 2091 423 Ascendente
2128 373 2413 437 gestanden,
2450 389 2569 424 son-

324 445 438 492 dern
477 458 567 492 nur
605 443 770 505 allain,
810 443 898 493 das
937 446 1191 507 Augustus
1228 445 1323 493 hoc
1361 445 1517 494 sidere
1555 448 1618 494 sit
1655 454 1814 498 natus,
1887 446 1968 494 Nu
2005 449 2128 494 wiirt
2165 447 2283 495 aber
2319 447 2444 496 nach
2481 463 2572 510 ge-

320 519 504 564 mainer
543 516 709 565 Weise
747 532 808 565 zu
846 517 1009 578 reden,
1052 519 1183 567 einer
1220 517 1372 567 vnder
1411 518 1715 581 demjenigen
1754 518 1909 567 sidere
1946 519 2178 581 geboren,
2216 521 2264 566 in
2306 533 2402 582 quo
2429 519 2571 568 Luna

319 589 424 637 fuit.
476 584 641 657 (Notis
691 591 741 636 in
791 589 1048 638 Manilium
1100 589 1327 639 editionis
1380 590 1580 639 ultimae
1630 592 1712 640 fol.
1767 593 1897 640 296:
1953 591 2155 654 Signum
2204 593 2253 638 in
2295 607 2392 655 quo
2432 592 2572 641 Luna

321 667 462 723 esset,
502 662 828 725 horoscopare
868 662 1133 726 dicebant.)
1209 663 1323 711 Vnd
1362 663 1570 726 bezeiigt
1607 664 1825 727 Scaliger
1864 665 1912 710 in
1938 663 2162 726 Manili0,
2203 665 2289 714 das
2330 665 2455 714 auch
2494 665 2571 714 die

321 735 432 797 Alte
475 735 723 798 Astrologi
763 735 865 784 dise
904 736 1037 799 regel
1076 737 1316 785 observirt
1353 735 1528 786 haben.

492 808 547 855 In
588 807 812 870 gleichen
863 809 1022 857 stehet
1074 809 1178 857 auff
1223 808 1315 857 den
1366 809 1496 858 alten
1536 809 1837 871 Psenningen
1875 810 1947 857 nit
1984 810 2119 859 mehr
2157 809 2252 858 dan
2293 810 2571 874 Capricorni

317 879 502 942 figura,
543 884 668 928 wiirt
706 881 822 929 aber
862 884 932 929 nit
970 888 1181 945 gesetzt,
1224 883 1286 930 ob
1327 896 1377 930 er
1413 883 1461 929 in
1502 882 1810 931 Ascendente
1848 889 2057 945 gewest‚
2109 883 2223 932 oder
2262 884 2324 932 ob
2362 899 2452 933 nur
2491 883 2573 933 der

318 951 474 1001 Mond
512 953 744 1002 darinnen
783 960 983 1015 gewest.
2326 997 2328 999 .

493 1028 716 1076 Caesaris
758 1025 1034 1076 Germanici
1062 1027 1205 1075 Wort
1242 1026 1430 1075 lautten
1469 1026 1600 1076 also:
1644 1027 2001 1090 „Capricornus
2040 1042 2217 1077 numen
2255 1035 2392 1078 tuum
2430 1031 2573 1092 geni-

320 1097 410 1147 tali
448 1113 647 1162 corpore
686 1101 735 1146 in
774 1100 965 1148 coelum
1003 1100 1139 1159 tulit,
1194 1107 1243 1147 et
1280 1102 1509 1148 maternis
1549 1101 1714 1149 intulit
1751 1102 1945 1161 astris“,
1986 1099 2074 1149 das
2114 1105 2198 1162 ist,
2249 1102 2572 1164 Capricornus

323 1172 386 1219 ist
426 1171 536 1221 dein
575 1173 995 1235 geburtszaichen,
1037 1172 1120 1220 der
1158 1172 1266 1221 hatt
1304 1172 1414 1220 dich
1452 1188 1513 1221 zu
1553 1175 1709 1222 einem
1737 1173 1855 1222 Gott
1880 1174 2119 1237 gemacht,
2162 1173 2275 1222 dass
2302 1175 2404 1224 sich
2431 1191 2572 1223 wun-

321 1244 437 1293 dern
476 1246 571 1294 alle
609 1245 822 1295 Volcker
860 1246 961 1293 vnd
999 1245 1109 1294 dein
1149 1245 1441 1294 Vatterland
1479 1249 1706 1297 erzittert.
1783 1247 1856 1295 Ist
1894 1248 2001 1295 eine
2039 1247 2288 1310 poetische
2327 1250 2472 1297 weise
2511 1264 2573 1297 zu

319 1319 482 1380 reden,
524 1317 621 1367 vnd
661 1318 748 1367 das
787 1319 963 1383 beyhel
1002 1333 1062 1366 zu
1086 1321 1201 1367 weit
1239 1319 1515 1382 geworffen,
1556 1318 1877 1382 Capricornus
1903 1319 2007 1368 hett
2046 1335 2098 1369 es
2131 1322 2202 1368 nit
2227 1321 2435 1383 gethan,
2464 1336 2573 1370 wan

319 1394 390 1440 nit
427 1391 621 1454 Jupiter
669 1405 777 1439 cum
828 1392 942 1441 Sole
990 1391 1234 1454 geholffen
1282 1392 1436 1452 hette,
1490 1398 1538 1440 et
1582 1390 1820 1440 Saturnus
1866 1391 1986 1441 Jovi
2034 1393 2378 1455 configuratus,
2455 1394 2575 1459 Sagt

323 1466 428 1514 also
466 1465 592 1514 auch
633 1463 952 1514 Germanicus
989 1467 1076 1525 nit,
1118 1464 1205 1513 das
1244 1464 1566 1527 Capricornus
1607 1466 1654 1512 in
1693 1465 1964 1528 horoscopo
2003 1466 2272 1528 gestanden
2311 1481 2414 1531 sey.

493 1537 724 1587 Manilius
762 1544 899 1601 sagt:
956 1538 1313 1601 „Capricornus
1352 1537 1505 1586 foelix
1541 1537 1679 1586 fulsit
1715 1540 1763 1586 in
1807 1539 2016 1601 Augusti
2055 1541 2273 1600 ortum“,
2319 1541 2382 1588 ist
2420 1541 2573 1589 eben-

321 1610 447 1660 sovil
486 1610 668 1674 geredt,
710 1610 783 1659 als
821 1625 988 1671 zuvor,
1031 1611 1128 1659 vnd
1165 1611 1315 1660 khain
1341 1611 1484 1660 Wort
1522 1625 1635 1659 vom
1673 1611 1944 1674 horoscopo
1985 1612 2100 1661 oder
2141 1611 2446 1663 Ascendente
2485 1627 2574 1676 ge-

319 1683 514 1736 meldet
588 1684 696 1732 Den
739 1691 872 1732 ortus
912 1683 1065 1733 heisst
1102 1683 1250 1733 allhie
1298 1685 1559 1743 nativitas,
1615 1683 1712 1732 vnd
1750 1687 1822 1733 nit
1871 1686 2044 1734 oriens.
2122 1685 2234 1734 Dan
2274 1700 2325 1734 es
2367 1690 2466 1735 war
2503 1688 2574 1735 nit

319 1757 593 1834 lateinisch‚
636 1757 846 1819 Augusti
885 1763 1034 1817 ortus,
1075 1756 1123 1804 id
1163 1762 1251 1818 est,
1294 1756 1505 1819 Augusti
1542 1756 1859 1820 horoscopus

491 1830 700 1878 Hiermit
737 1830 886 1878 sehen
926 1830 980 1878 E.
1010 1829 1098 1878 Mt.
1141 1829 1228 1877 das
1266 1829 1415 1877 khain
1454 1830 1665 1878 scribent
1702 1838 1826 1893 sagt,
1869 1830 2146 1893 Augustum
2185 1837 2352 1879 natum
2386 1830 2573 1880 Ascen-
2646 1871 2650 1875 ,

332 1902 789 1966 denteCapricorno.
857 1903 961 1950 Das
1002 1917 1054 1951 es
1094 1903 1212 1951 aber
1250 1902 1375 1951 auch
1414 1904 1486 1950 nit
1523 1904 1626 1950 sein
1664 1902 1877 1964 khiinde,
1917 1905 1979 1951 ist
2017 1903 2167 1952 leicht
2201 1918 2261 1950 zu
2288 1904 2572 1954 schliessen.

322 1975 478 2025 Natus
518 1983 591 2026 est
630 1982 753 2024 teste
779 1975 1012 2024 Suetonio
1053 1977 1235 2024 oriente
1274 1975 1418 2037 Sole3
1458 1982 1602 2023 natus
1639 1977 1787 2038 igitur
1826 1982 1900 2025 est
1938 1977 2123 2026 oriente
2152 1975 2469 2026 Geminorum
2494 1977 2575 2026 vel
2639 1967 2641 1970 ’

322 2048 495 2099 Cancri
534 2052 690 2112 sign0‚
729 2050 846 2111 quia
884 2048 970 2097 Sol
1007 2049 1099 2096 suit
1137 2050 1184 2095 in
1225 2047 1411 2097 Cancro
1453 2047 1532 2097 vel
1569 2047 1750 2097 Leone.

491 2122 595 2171 Das
635 2137 686 2170 es
719 2122 844 2171 auch
884 2124 954 2170 nit
992 2121 1060 2169 vil
1100 2120 1216 2170 dran
1256 2122 1455 2184 glegen,
1503 2121 1566 2169 ob
1606 2120 1682 2170 die
1721 2121 1958 2170 Planeten
1999 2123 2046 2169 in
2087 2121 2231 2170 domo
2270 2124 2451 2186 prima,
2494 2123 2576 2172 vel

318 2195 616 2258 horoscop0‚
674 2195 791 2244 oder
828 2197 876 2242 in
916 2197 1150 2258 septima,
1205 2194 1415 2255 decima,
1467 2193 1547 2243 vel
1585 2201 1758 2256 quarta
1796 2209 1970 2258 seyen,
2010 2196 2245 2257 probatur
2282 2195 2489 2259 Regulis
2528 2201 2576 2245 et
2629 2235 2634 2240 ,

321 2269 569 2331 exemplis,
642 2268 955 2317 Ptolemaeus
994 2268 1206 2316 schreibt
1245 2267 1374 2316 also:
1420 2267 1504 2330 „Si
1542 2268 1687 2316 ambo
1727 2267 1912 2315 lumina
1950 2268 2130 2317 suerint
2167 2270 2223 2316 in*
2254 2271 2404 2333 signis
2443 2284 2576 2318 mas-
2631 2274 2649 2311 ἵ

320 2342 507 2402 culinis,
548 2347 595 2390 et
633 2342 681 2389 in
721 2342 916 2405 angulis
956 2341 1124 2406 (deren
1162 2341 1299 2390 seind
1339 2342 1471 2399 vier,
1520 2339 1831 2400 Ascendens,
1880 2339 2099 2390 Medium
2138 2341 2298 2402 Coeli,
2340 2342 2573 2405 Septima,

320 2417 472 2463 imum
511 2409 660 2483 coeli)
698 2421 746 2464 et
783 2416 950 2478 stipati
990 2415 1204 2477 quinque
1243 2414 1534 2472 ErronibuS,
1590 2428 1704 2476 erga
1743 2414 1895 2462 solem
1934 2416 2206 2474 matutinis,
2259 2429 2374 2477 erga
2412 2416 2577 2464 lunam

319 2489 639 2551 vespertinis,
685 2487 847 2550 Reges
897 2494 1050 2536 erunt.
1129 2487 1193 2535 At
1232 2490 1272 2536 si
1311 2485 1545 2535 satellites
1599 2487 1680 2535 vel
1718 2488 1766 2533 in
1808 2486 1999 2550 angulis
2039 2488 2133 2550 ipsi
2183 2487 2359 2537 suerint
2400 2488 2476 2536 vel
2514 2487 2577 2537 ad
2618 2535 2619 2538 ,

188 2562 190 2564 ’
227 2572 243 2590 ³
322 2558 616 2625 superiorem
658 2561 782 2610 coeli
821 2561 1065 2610 cardinem
1106 2560 1408 2623 configurati,
1448 2560 1579 2608 orbis
1616 2560 1869 2623 imperium
1909 2560 2232 2622 significant.“

497 2633 618 2682 Also
656 2634 763 2682 hatt
802 2634 1056 2696 Augustus
1095 2633 1277 2697 gehabt
1304 2633 1467 2682 Solem
1506 2635 1555 2679 in
1583 2632 1907 2692 Ascendente,
1949 2639 1997 2682 et
2035 2632 2293 2682 satellitem
2318 2632 2500 2682 Jovem
2528 2634 2577 2680 in

325 2706 486 2756 sextili
525 2706 745 2767 Saturni,
797 2713 845 2755 et
883 2706 1088 2755 Martem
1136 2709 1184 2753 in
1238 2706 1475 2769 quadrato
1514 2704 1642 2753 Solis
1681 2705 1939 2754 orientales
1978 2720 2145 2754 omnes
2185 2712 2307 2766 tres,
2361 2706 2571 2755 Martem
2612 2706 2643 2747 ’-

323 2781 469 2829 etiam
508 2781 557 2827 in
594 2779 755 2829 medio
795 2779 932 2840 coeli,
972 2779 1097 2827 nach
1135 2782 1314 2828 meiner
1351 2778 1613 2841 rechnung,
1655 2784 1703 2827 et
1739 2778 1929 2826 Lunam
1969 2781 2018 2826 in
2058 2778 2352 2841 Capricorno
2391 2781 2440 2826 in
2480 2793 2574 2827 an·
2614 2843 2618 2852 Ι

326 2852 442 2916 gulo
481 2855 733 2916 septimae.

497 2926 660 2975 Nero
708 2925 794 2974 hat
840 2925 1022 2988 gehabt
1060 2924 1224 2973 Solem
1264 2926 1494 2972 orientem
1532 2924 1582 2970 in
1625 2922 1915 2985 Sagittari0‚
1968 2922 2147 2973 Jovem
2195 2930 2243 2973 et
2281 2923 2486 2973 Martem
2528 2923 2576 2970 in
2606 2967 2621 2984 ⁴

326 2997 590 3063 Scorpione
630 2997 907 3060 orientales,
947 2997 1208 3046 Saturnum
1247 2998 1294 3042 in
1335 2995 1571 3057 quadrato
1602 2994 1731 3044 Solis
1760 2997 2058 3058 orientalem,
2099 2997 2287 3045 Lunam
2323 2999 2370 3043 in
2399 2997 2577 3045 Leone.
2651 3003 2652 3008 ’

327 3072 643 3121 Mahomet
681 3072 719 3120 Ι.
758 3072 865 3120 hatt
901 3071 1097 3134 gehabt,
1137 3069 1315 3129 Solem,
1354 3068 1536 3118 Jovem
1565 3074 1612 3118 et
1637 3068 1844 3118 Martem
1884 3071 1933 3116 in
1961 3071 2126 3119 Ariete
2167 3071 2214 3117 in
2244 3069 2408 3118 Medio
2443 3067 2578 3118 Coeli

325 3218 489 3269 Solem
527 3220 578 3266 in
616 3218 775 3267 medio
817 3217 938 3267 coeli
977 3218 1025 3264 in
1053 3216 1232 3275 Ariete,
1272 3215 1453 3265 Jovem
1492 3215 1775 3262 orientalem
1810 3216 1857 3261 in
1881 3215 2122 3276 Piscibus,
2162 3215 2365 3275 Lunam,
2406 3215 2577 3263 Satur-

310 3306 455 3353 num,
498 3291 736 3340 Venerem
775 3293 824 3338 in
863 3291 1025 3340 Tauro
1065 3292 1115 3337 in
1153 3287 1333 3353 angulo
1372 3287 1440 3335 M.
1468 3287 1521 3336 C.
1562 3287 1770 3336 Martem
1809 3290 1856 3334 in
1887 3287 2106 3337 Geminis
2147 3302 2313 3336 omnes
2353 3287 2576 3336 occiden-

326 3365 466 3414 tales
540 3364 838 3413 Frideric
854 3378 920 3412 us
957 3362 1046 3412 IV.
1085 3362 1210 3425 Imp
1247 3361 1355 3411 batt
1392 3360 1574 3424 gehabt
1611 3359 1774 3408 Solem
1815 3362 1863 3407 in
1903 3361 2072 3422 Libra,
2112 3360 2320 3409 Martem
2361 3361 2574 3409 orienta-

324 3437 421 3486 lem
469 3439 517 3484 in
555 3437 756 3500 Virgine
793 3439 842 3486 in
881 3435 1190 3486 Ascendente
1244 3441 1517 3496 utrumque.
1594 3432 1855 3481 Saturnum
1906 3435 1954 3480 in
2003 3436 2210 3497 septima
2249 3435 2295 3481 in
2334 3433 2574 3492 Piscibus,

328 3510 518 3559 Lunam
556 3512 604 3557 in
645 3515 847 3573 quartae
885 3509 1067 3573 angulo
1107 3511 1156 3555 in
1195 3507 1475 3571 Sagittario.
1537 3505 2024 3555 Maximilianus
2050 3507 2089 3557 Ι.
2128 3507 2236 3555 hatt
2273 3506 2456 3569 gehabt
2481 3503 2575 3553 Jo-

331 3599 438 3632 vem
479 3585 528 3630 in
554 3583 861 3633 Ascendente
898 3583 948 3629 in
975 3582 1175 3644 Virgine
1200 3579 1546 3642 retrogradum,
1587 3578 1749 3627 Solem
1774 3581 1822 3626 in
1848 3579 2030 3642 angulo
2057 3581 2294 3642 septimae
2321 3581 2366 3625 in
2396 3579 2573 3637 Ariete,

329 3655 537 3704 Martem
576 3659 622 3702 in
651 3656 814 3705 Leone
841 3654 1208 3705 occidentalem,
1247 3654 1510 3703 Saturnum
1548 3653 1597 3699 in
1635 3652 1814 3714 angulo
1856 3658 2055 3715 quartae
2093 3655 2141 3699 in
2183 3650 2419 3714 quadrato
2446 3641 2572 3699 Solis

330 3735 375 3776 et
416 3729 710 3791 Capricorni
787 3728 1055 3777 Carolus
1083 3727 1143 3777 V
1183 3708 1289 3775 hatt
1325 3725 1508 3789 gehabt
1534 3724 1878 3787 Capricornum
1918 3724 2274 3784 ascendentem,
2316 3731 2364 3773 et
2388 3723 2574 3771 Lunam

329 3802 380 3847 in
419 3802 597 3864 angulo
635 3803 819 3864 primae
857 3803 907 3848 in
946 3800 1266 3863 Capricorno,
1306 3799 1486 3848 Jovem
1525 3797 1808 3846 orientalem
1848 3813 1955 3846 cum
1995 3797 2133 3859 Sole,
2189 3797 2403 3857 Venere,
2440 3794 2572 3843 Mer.-

332 3874 463 3921 curio
512 3875 560 3920 in
599 3875 821 3923 Piscibus
861 3880 908 3923 et
944 3872 1169 3925 secunda..
1197 3872 1364 3933 domo,
1418 3885 1479 3920 ne
1529 3869 1721 3932 quidem
1772 3872 1822 3918 in
1874 3870 2070 3934 angulo,
2146 3866 2582 3922 Ferdinandus

332 3944 590 3997 Saturnum
628 3952 677 3996 et
712 3945 892 3997 Jovem
929 3949 977 3994 in
1017 3945 1325 3996 Ascendente
1364 3949 1412 3994 et
1452 3942 1684 4005 GeminiS,
1725 3943 2050 3993 occidentales
2087 3941 2276 4005 Solem,
2318 3941 2569 4000 Venerem,

2601 3128 2606 3144 ,,
2648 3072 2652 3138 l

325 3149 374 3194 in
414 3145 651 3208 quadrato
691 3144 886 3194 Saturni
926 3143 1190 3203 orientalis,
1232 3149 1279 3191 et
1303 3142 1492 3190 Lunam
1530 3143 1579 3204 in
1612 3141 1791 3190 Tauro.
1857 3141 2234 3207 Solymanus
2273 3142 2358 3190 hat
2395 3141 2601 3210 gehabt¹
