2652 4088
284 2607 432 2672 hujus
471 2606 689 2670 puellae,
741 2608 892 2668 illati,
947 2622 1054 2656 eum
1095 2613 1276 2656 certum
1316 2610 1392 2666 sit,
1434 2621 1635 2670 puerum
1676 2610 1739 2656 ab
1778 2609 1974 2658 ineunte
2018 2613 2180 2657 aetate
2218 2608 2367 2656 fuisse
2406 2606 2535 2656 malo
2568 2598 2630 2666 μ’. ἰ

194 157 203 164 .
272 126 380 184 378
1065 125 1093 169 J
1095 123 1290 175 udicium
1320 124 1480 169 matris
1509 112 1717 182 Kepleri.'
1887 90 1891 92 ξ
2626 125 2637 173 l

273 278 360 326 tris
396 287 535 323 meae
571 274 950 336 septuagenaria
985 278 1235 323 necterent
1271 287 1400 335 aque
1438 263 1570 321 vitiis
1611 272 1877 334 n‘onnulliS,
1930 273 2108 335 quibus
2142 273 2336 323 laborat
2370 281 2524 326 mater

273 364 397 408 mea,
436 352 492 394 ut
528 351 642 393 sunt
679 348 951 409 nugacitaS,
992 347 1263 406 curiositaS,
1302 346 1376 393 ira
1414 345 1689 409 vehemens,
1729 348 2128 409 imprecationes,
2166 349 2436 410 pertinacia
2472 351 2522 396 in

275 418 763 483 expostulationibus,
804 433 933 481 quae
972 419 1095 466 vitia
1133 419 1182 465 in
1220 418 1315 466 hae
1353 423 1514 467 aetate
1552 426 1666 467 sunt
1704 435 1762 467 eo
1800 420 1895 467 loci
1934 418 2287 481 vulgatissima.
2350 421 2522 484 Itaque

274 493 439 542 matris
477 505 618 539 meae
657 505 883 539 occursus
925 494 1085 553 coepit
1122 491 1292 539 haberi
1318 491 1668 554 inauspicatuS,
1710 493 1852 554 eique
1878 493 2108 554 imputari
2133 492 2408 542 rumoribus
2447 495 2523 540 in-

274 567 416 616 certis
452 563 665 626 pecudes
704 563 901 625 aliquae
942 566 1216 616 morientes,
1291 563 1452 611 Mater
1487 566 1666 612 irarum
1713 570 1760 612 et
1798 565 1971 612 furoris
2021 564 2167 627 plena
2216 579 2315 628 quo
2365 569 2523 629 magis

274 635 606 701 expostulavit
654 650 763 684 cum
813 637 947 684 faece
997 636 1192 699 populi,
1244 636 1339 684 hoc
1378 639 1534 699 magis
1573 637 1752 685 famam
1793 644 1841 685 et
1879 638 2183 699 suspiciones
2229 639 2379 687 auxit.
2459 639 2526 687 At

274 710 555 775 phrenetica
593 708 876 757 confirmata
913 710 1202 770 rumoribuS,
1242 723 1366 771 quos
1403 710 1510 772 ipsa
1534 713 1691 772 prima
1715 713 2056 770 seminaverat,
2095 712 2525 773 succrescentibus,

275 783 473 833 tandem
511 783 725 844 graviter
763 781 1059 830 decumbens
1098 784 1333 831 accersito
1374 781 1703 830 eeclesiastico
1744 782 1793 833 S.
1834 782 1884 832 S.
1912 783 2247 832 Eucharistiae
2286 784 2526 834 sumtione

279 856 583 906 confirmavit
621 869 735 903 suas
775 854 834 902 de
873 862 1026 902 matre
1066 870 1175 903 mea
1215 854 1460 917 querelas,
1512 857 1706 918 saepius
1746 871 1775 903 a
1813 863 1964 904 matre
2003 871 2113 904 mea
2150 870 2236 918 per
2273 858 2541 905 internum..

278 932 380 979 cios
419 927 670 976 admonita
708 933 896 975 tantum
936 929 1075 976 abest
1125 933 1178 975 ut
1229 929 1506 987 desisteret,
1562 935 1614 976 nt
1651 929 1815 990 potius
1859 933 1939 977 14.
1981 928 2192 991 Augusti
2230 930 2344 977 anni
2387 933 2524 979 1615

276 1002 574 1068 praefectum
614 999 798 1060 adiret,
838 1001 1179 1049 assistentibus
1219 1003 1263 1049 ei
1302 1002 1474 1048 marito
1516 1006 1563 1047 et
1601 1001 1744 1049 fratre
1786 1001 2023 1063 chirurgo,
2064 1003 2171 1051 cive
2211 1001 2526 1065 Tubingensi,

272 1077 521 1140 juniorum
557 1073 836 1136 Principum
877 1081 1100 1133 tonsore,
1142 1076 1226 1135 qui
1265 1088 1322 1122 eo
1364 1073 1441 1121 die
1480 1073 1600 1122 forte
1641 1088 1749 1122 cum
1789 1074 2068 1137 Principum
2107 1089 2203 1123 uno
2243 1075 2527 1139 Leobergae

277 1154 393 1199 erat.
470 1147 663 1195 Vocata
701 1153 856 1195 mater
891 1161 1016 1202 mea,
1057 1147 1253 1194 auditae
1293 1146 1543 1208 querelae,
1593 1154 1750 1195 mater
1786 1162 1838 1195 se
1878 1147 2162 1208 defendere,
2212 1162 2320 1196 eum
2359 1154 2526 1198 tonsor

278 1220 392 1270 diris
429 1220 883 1282 imprecationibus,
924 1221 1068 1267 minis
1108 1221 1516 1267 atrocissimarum
1555 1234 1822 1282 poenarum
1860 1221 1990 1269 facta
2029 1222 2221 1269 miscuit
2259 1226 2307 1269 et
2344 1220 2527 1270 nudato

279 1295 502 1358 superius
542 1291 706 1355 gladio
745 1298 916 1355 pectus
955 1295 1122 1340 matris
1159 1307 1296 1340 meae
1337 1294 1578 1355 stringens
1618 1293 1880 1342 identidem
1922 1292 2124 1342 devovit
2161 1308 2214 1343 se
2254 1293 2394 1355 diris,
2433 1296 2526 1342 nisi

281 1373 436 1417 mater
475 1380 688 1414 sororem
730 1380 868 1414 suam
908 1367 1147 1426 restituat,
1187 1380 1277 1414 sua
1315 1380 1465 1413 manu
1503 1379 1740 1415 casuram.
1804 1365 1956 1414 Jussu
1996 1366 2227 1429 praefecti
2265 1373 2378 1429 post
2414 1365 2525 1416 lon-

279 1448 394 1505 gam
434 1440 795 1488 conniventiam
833 1440 938 1488 rixa
977 1440 1204 1487 cessavit.
1278 1438 1388 1486 Non
1426 1445 1529 1487 erat
1567 1441 1807 1501 integrum
1856 1441 1996 1487 matri
2047 1439 2228 1488 sactum
2267 1439 2362 1488 hoc
2397 1439 2528 1488 inul-

278 1520 382 1563 tum
420 1514 759 1572 transmittere,
799 1527 860 1560 ne
899 1512 983 1560 alii
1022 1512 1116 1560 hoc
1154 1510 1428 1574 exemplum
1467 1514 1621 1560 secuti
1661 1511 1962 1561 cumularent
2002 1512 2117 1560 olim
2156 1512 2338 1562 indicia
2374 1512 2533 1573 male-
2590 1492 2618 1638 1

281 1587 408 1649 ficii;
448 1587 638 1634 actione
664 1587 900 1645 instituta,
941 1585 1282 1633 assistentibus
1319 1584 1463 1632 fratre
1490 1590 1538 1633 et
1563 1599 1728 1634 sorore
1753 1587 1890 1646 meiS,
1929 1585 2096 1634 liberis
2124 1588 2293 1648 ipsiuS,
2322 1585 2533 1649 phrene-
2642 1637 2643 1640 ,

281 1662 429 1709 ticam
469 1673 527 1707 eo
566 1657 776 1720 redegit,
832 1664 886 1705 ut
926 1663 1177 1720 cogeretur
1224 1657 1542 1720 respondere,
1594 1660 1819 1720 quamvis
1871 1658 2139 1707 diutissime
2191 1660 2529 1721 tergiversata,
2600 1669 2615 1727 3.

281 1732 414 1795 quod
452 1731 557 1794 ejus
593 1733 766 1778 marito
804 1745 982 1793 magna
1018 1745 1131 1793 pars
1163 1729 1385 1792 judicum
1437 1736 1570 1779 arcta
1619 1731 1976 1780 necessitudine
2029 1731 2334 1793 cohaereret,
2386 1746 2532 1795 prae·
2607 1728 2613 1744 ⁸
2644 1791 2646 1795 y

280 1808 435 1855 fectus
475 1804 581 1866 ejus
619 1803 754 1852 fratri
793 1803 1016 1866 chirurgo
1058 1804 1412 1866 impensissime
1451 1803 1664 1864 faveret,
1716 1806 1922 1867 gratiam
1961 1805 2082 1853 forte
2119 1804 2400 1868 Principum
2439 1805 2534 1853 hac
2592 1748 2614 1956 4

279 1881 363 1927 via
399 1891 666 1939 aucupans,
743 1876 916 1938 Itaque
955 1890 1053 1924 non
1093 1882 1205 1925 ante
1246 1883 1471 1924 exactum
1510 1891 1690 1925 annum
1740 1879 1998 1940 impetrare
2035 1879 2196 1940 potuit
2232 1884 2387 1927 mater
2424 1893 2534 1928 mea

283 1953 410 2001 diem
447 1949 748 2013 producendi
788 1953 889 1998 suis
930 1949 1152 2009 testibus,
1193 1963 1396 2011 quorum
1423 1951 1714 2012 praecipuus
1753 1956 1857 1999 erat
1882 1949 2157 2013 praefectus
2197 1952 2301 2013 ipse
2326 1951 2530 2000 futurus.
2599 1989 2610 2010 .›

284 2026 404 2073 Dies
443 2023 574 2071 dieta
614 2029 700 2072 21.
730 2022 969 2082 Octobris,
1010 2028 1165 2071 mater
1202 2029 1350 2071 testes
1390 2025 1663 2071 nominavit
1695 2028 1775 2072 13.
1805 2022 2044 2085 Octobris,
2085 2024 2355 2086 injunctum
2393 2025 2534 2073 testi·
2584 2024 2602 2079 ,f
2632 2051 2641 2072 ·.

282 2099 376 2147 bus
415 2111 500 2160 per
538 2098 808 2144 ministrum
834 2095 1086 2158 publicum
1116 2101 1197 2144 14.
1229 2093 1471 2157 OctobriS,
1511 2102 1565 2143 ut
1589 2102 1701 2159 post
1726 2096 1974 2146 octiduum
2000 2103 2347 2160 comparerent.
2412 2097 2533 2146 Cum

285 2185 397 2220 ecce
436 2169 669 2233 postridie
702 2173 782 2218 15.
811 2166 1039 2218 Octobris
1076 2174 1231 2218 mater
1268 2171 1317 2216 in
1356 2170 1571 2217 vicinum
1596 2184 1777 2232 pagum
1804 2184 2061 2219 excurrens
2086 2169 2255 2219 incidit
2279 2171 2329 2218 in
2362 2171 2534 2220 seriem
2594 2171 2611 2231 g
2633 2164 2639 2182 '⁴

283 2243 556 2307 puellarum
594 2242 917 2305 bajulantium
955 2242 1146 2304 tegul'as
1186 2242 1358 2290 crudas
1399 2242 1462 2290 ad
1500 2250 1767 2303 cocturam,
1802 2243 1947 2305 juxta
1986 2258 2108 2307 quas
2146 2242 2295 2292 ductu
2332 2245 2535 2292 semitae
2600 2278 2609 2309 ,⁴

287 2318 359 2366 sic
397 2317 610 2376 transiit,
665 2324 718 2363 ut
756 2314 866 2363 illas
907 2317 1210 2364 vestimentis
1248 2317 1534 2377 stringeret3
1588 2315 1981 2366 animadvertens
2020 2322 2182 2381 autem
2222 2316 2333 2364 illas
2371 2317 2536 2380 fugere
2605 2331 2633 2382 '1

284 2397 334 2439 et
370 2391 585 2438 aversari
623 2404 766 2437 suum
804 2403 1081 2449 occursum,
1117 2389 1221 2451 jam
1259 2394 1621 2451 praetergressa
1656 2390 1871 2452 respexit
1908 2388 2118 2452 illasque
2156 2390 2372 2438 vicissim
2414 2389 2538 2438 vidit
2595 2382 2631 2437 ,2⁵

285 2463 620 2525 respicientes,
696 2461 814 2510 Erat
852 2463 976 2510 inter
1011 2462 1203 2524 puellas
1244 2476 1339 2509 una
1378 2463 1610 2523 octennis,
1652 2463 1791 2525 cujus
1832 2468 1984 2511 mater
2011 2463 2178 2525 Burga
2213 2464 2384 2526 paucis
2423 2467 2536 2511 ante
2577 2463 2605 2527 '³3

199 2582 206 2591 ,
286 2536 570 2599 septimanis
617 2540 818 2584 matrem
868 2549 1027 2583 meam
1065 2534 1233 2583 itidem
1272 2534 1549 2583 insimulare
1603 2538 1762 2598 eoepit
1810 2535 2035 2586 maleficii
2084 2535 2184 2584 filio
2231 2550 2349 2595 suo,
2401 2535 2534 2583 fratri
2590 2531 2631 2595 ῤ’

288 2676 504 2744 'eorporis
541 2680 734 2729 habitu:
774 2679 860 2728 scd
900 2694 1007 2728 cum
1048 2681 1213 2742 Burga
1251 2683 1619 2743 superstitiones
1659 2687 1880 2730 exerceat
1922 2683 2099 2730 vetitas
2136 2681 2430 2743 fratremque
2457 2679 2535 2728 di·
2574 2703 2626 2746 gg

288 2756 559 2803 vinatorem
599 2760 648 2803 et
686 2753 1016 2802 curationibus
1057 2755 1217 2801 vetitis
1256 2754 1484 2802 infamem
1523 2753 1717 2813 habeat,
1758 2753 1864 2815 ejus
1903 2754 2158 2803 consilium
2185 2759 2354 2804 secuta
2392 2754 2534 2802 insti·
2588 2747 2599 2799 se
2627 2749 2635 2801 ἶ;

288 2830 382 2875 tuit
419 2827 572 2875 filium
612 2841 752 2875 suum
791 2833 864 2875 ter
901 2825 1070 2874 lavare
1108 2826 1311 2875 seclusis
1350 2828 1636 2889 importunis
1674 2826 1853 2889 linguis
1881 2826 2172 2890 (nnbefcbrien
2209 2826 2391 2890 baben),
2429 2840 2539 2876 eum
2576 2839 2588 2890 ἢ

289 2901 479 2950 lavanti
518 2899 801 2963 supervenit
838 2904 992 2947 mater
1028 2914 1153 2958 mea,
1194 2899 1410 2947 debitum
1451 2898 1696 2960 quoddam
1733 2914 1874 2947 suum
1913 2915 2191 2963 reposcens,
2246 2900 2356 2949 Hac
2393 2901 2537 2962 igitur
2586 2896 2607 2941 ἔ

294 2975 549 3023 occasione
589 2978 722 3021 ortae
762 2977 899 3021 erant
930 2972 1034 3033 jam
1073 2977 1218 3020 antea
1270 2973 1549 3020 inimicitiae
1600 2973 1723 3020 inter
1774 2978 1976 3022 matrem
2023 2988 2180 3022 meam
2221 2979 2269 3021 et
2309 2974 2536 3035 Burgam,

291 3049 406 3109 quia
447 3047 740 3095 comminata
778 3050 881 3093 erat
918 3050 1073 3093 mater
1099 3059 1221 3104 mea,
1262 3060 1313 3093 se
1340 3045 1554 3106 Burgam
1580 3051 1932 3094 accusaturam.
1985 3046 2146 3109 Hujus
2174 3047 2321 3108 igitur
2345 3046 2559 3110 Burgae
2582 3039 2631 3102 ξφ

290 3119 457 3179 filiola,
498 3121 667 3168 matris
706 3132 824 3167 suae
865 3118 1280 3166 criminationibus
1321 3117 1617 3180 quotidianis
1649 3118 1753 3179 jam
1793 3125 1936 3167 antea
1965 3121 2179 3167 animum
2205 3118 2633 3182 praeoccupa'.
2624 3150 2625 3154 =

290 3198 393 3240 tum
433 3197 480 3240 et
519 3192 578 3241 de
617 3197 768 3240 matre
807 3205 915 3239 mea
955 3190 1080 3239 male
1119 3192 1405 3239 sentientem
1442 3204 1640 3253 gerenS,
1681 3194 1841 3253 coepit
1879 3206 1987 3240 eum
2015 3194 2162 3241 sociis
2198 3191 2374 3255 puellis
2401 3183 2631 3255 loqu3f2„

293 3264 353 3315 de
391 3267 596 3314 transitu
633 3266 801 3313 matris
840 3278 977 3312 meae
1015 3270 1420 3327 praetergressae,
1459 3265 1529 3310 sic
1566 3268 1620 3310 ut
1658 3264 1940 3326 tegularius,
1980 3265 2111 3328 apud
2150 3279 2293 3327 quem
2321 3264 2586 3327 depone-3
2594 3262 2629 3310 'a

293 3339 469 3386 bantur
509 3352 670 3397 onera,
713 3337 1121 3386 confabulationis
1163 3343 1210 3385 et
1247 3338 1480 3385 materiae
1518 3334 1664 3397 hujus
1702 3339 1989 3387 meminerit.
2065 3337 2240 3387 Puella
2279 3352 2338 3386 ex
2379 3351 2437 3385 eo
2477 3324 2626 3402 dor,

294 3411 460 3459 dolore
499 3411 686 3460 brachii
726 3412 862 3472 queri
906 3416 982 3471 „ess
1020 3410 1135 3473 [αιιῇ
1159 3410 1262 3466 gnte
1300 3409 1394 3472 ααῆ
1430 3409 1516 3457 nni)
1558 3406 1612 3456 ab
1652 3411 1734 3457 mie
1772 3412 1838 3458 eiu
1877 3410 2126 3473 fcbnesseffl
2188 3410 2363 3459 Statim
2389 3407 2557 3459 biduo
2575 3467 2577 3470 ⁴
2608 3403 2625 3421 ''

292 3486 540 3547 sequenti,
582 3489 846 3547 antequam
883 3485 1111 3532 existeret
1151 3483 1350 3545 querela
1389 3480 1628 3542 dilucida,
1668 3483 1761 3530 visi
1801 3490 1914 3532 sunt
1951 3497 2220 3532 commeare
2260 3483 2455 3544 Burgae
2492 3480 2623 3572 (gi-'³³3

294 3557 600 3620 phreneticae
637 3558 854 3616 marituS,
896 3557 1060 3618 Burga
1101 3558 1232 3604 enim
1267 3555 1576 3618 phreneticae
1615 3553 1847 3605 clientula
1882 3563 1978 3617 est,
2020 3558 2201 3620 quippe
2239 3556 2427 3604 familia
2477 3575 2498 3594 νε

299 3644 386 3690 ops
425 3635 474 3678 et
513 3629 571 3678 de
611 3631 808 3692 publica
846 3631 1020 3677 vivens
1059 3628 1397 3692 eleomosyna3
1435 3627 1583 3676 fertur
1622 3629 1766 3675 etiam
1806 3643 1978 3678 mensa
2016 3644 2124 3678 esse
2158 3634 2305 3691 eaput
2331 3605 2547 3691 phrenf·
2570 3611 2619 3695 ξῖἕ

299 3703 422 3750 ticae
460 3702 621 3750 verbis
658 3702 940 3751 solennibus
979 3704 1308 3765 pronunciatis
1348 3701 1464 3762 (hoe
1502 3700 1628 3748 enim
1668 3707 1741 3748 est
1778 3702 1901 3750 alias
1953 3702 2058 3764 ejus
2098 3701 2403 3761 exercitium)
2466 3720 2471 3726 ·
2525 3678 2618 3755 anfi*

293 3787 385 3835 que
425 3789 654 3823 eamensu
674 3791 728 3823 ra
773 3780 1125 3838 argumentum
1165 3774 1458 3823 desumsisse
1510 3772 1666 3820 morbi
1716 3775 2011 3825 maleficiati.
2077 3774 2247 3822 Adfuit
2286 3775 2412 3821 intra
2444 3751 2603 3830 hoff
2606 3777 2610 3788 '

300 3845 428 3894 idem
465 3847 675 3896 triduum
713 3851 859 3899 etiam
898 3848 1166 3912 chirurgus,
1205 3847 1352 3896 frater
1388 3846 1727 3909 phreneticae,
1769 3862 1890 3896 usus
1929 3861 2071 3910 equo
2148 3848 2277 3909 Ergo
2321 3850 2402 3894 17.
2444 3836 2606 3901 Οοηρζ
