<?xml version="1.0" encoding="UTF-8"?>
<!DOCTYPE html PUBLIC "-//W3C//DTD XHTML 1.0 Transitional//EN"
    "http://www.w3.org/TR/xhtml1/DTD/xhtml1-transitional.dtd">
<html xmlns="http://www.w3.org/1999/xhtml" xml:lang="en" lang="en">
 <head>
  <title>
</title>
<meta http-equiv="Content-Type" content="text/html;charset=utf-8" />
  <meta name='ocr-system' content='tesseract 3.04.00' />
  <meta name='ocr-capabilities' content='ocr_page ocr_carea ocr_par ocr_line ocrx_word'/>
</head>
<body>
  <div class='ocr_page' id='page_1' title='image "./operaomniaedidit81kepluoft_0270.png"; bbox 0 0 2652 4088; ppageno 0'>
   <div class='ocr_carea' id='block_1_1' title="bbox 293 189 1939 255">
    <p class='ocr_par' dir='ltr' id='par_1_1' title="bbox 293 189 1939 255">
     <span class='ocr_line' id='line_1_1' title="bbox 293 189 1939 255; baseline 0.002 -18"><span class='ocrx_word' id='word_1_1' title='bbox 293 197 399 255; x_wconf 81' lang='lat'>256</span> <span class='ocrx_word' id='word_1_2' title='bbox 887 191 1172 238; x_wconf 84' lang='lat' dir='ltr'>Colleetanea</span> <span class='ocrx_word' id='word_1_3' title='bbox 1201 203 1258 239; x_wconf 85' lang='lat' dir='ltr'>ex</span> <span class='ocrx_word' id='word_1_4' title='bbox 1288 189 1516 241; x_wconf 74' lang='lat' dir='ltr'><strong>codicibus</strong></span> <span class='ocrx_word' id='word_1_5' title='bbox 1545 191 1939 241; x_wconf 84' lang='lat' dir='ltr'>Pulkoviensibus.</span> 
     </span>
    </p>
   </div>
   <div class='ocr_carea' id='block_1_2' title="bbox 289 338 2546 549">
    <p class='ocr_par' dir='ltr' id='par_1_2' title="bbox 289 338 2546 549">
     <span class='ocr_line' id='line_1_2' title="bbox 292 338 2544 409; baseline 0.002 -18"><span class='ocrx_word' id='word_1_6' title='bbox 292 344 428 393; x_wconf 89' lang='lat' dir='ltr'>Haec</span> <span class='ocrx_word' id='word_1_7' title='bbox 475 342 614 402; x_wconf 88' lang='lat' dir='ltr'>ideo,</span> <span class='ocrx_word' id='word_1_8' title='bbox 665 342 782 404; x_wconf 87' lang='lat' dir='ltr'>quia</span> <span class='ocrx_word' id='word_1_9' title='bbox 819 341 1048 405; x_wconf 87' lang='lat' dir='ltr'>scrupula</span> <span class='ocrx_word' id='word_1_10' title='bbox 1087 339 1281 402; x_wconf 89' lang='lat' dir='ltr'>quidem</span> <span class='ocrx_word' id='word_1_11' title='bbox 1332 338 1523 390; x_wconf 86' lang='lat' dir='ltr'>detecta</span> <span class='ocrx_word' id='word_1_12' title='bbox 1560 343 1928 407; x_wconf 86' lang='lat' dir='ltr'>multiplicanda</span> <span class='ocrx_word' id='word_1_13' title='bbox 1966 347 2080 392; x_wconf 89' lang='lat' dir='ltr'>sunt</span> <span class='ocrx_word' id='word_1_14' title='bbox 2115 343 2164 390; x_wconf 88' lang='lat' dir='ltr'>in</span> <span class='ocrx_word' id='word_1_15' title='bbox 2203 358 2544 409; x_wconf 86' lang='lat' dir='ltr'>quamcunque</span> 
     </span>
     <span class='ocr_line' id='line_1_3' title="bbox 293 413 2546 479; baseline 0.001 -12"><span class='ocrx_word' id='word_1_16' title='bbox 293 417 543 479; x_wconf 85' lang='lat' dir='ltr'>plenarum</span> <span class='ocrx_word' id='word_1_17' title='bbox 584 416 958 476; x_wconf 80' lang='lat' dir='ltr'>aequationum‚</span> <span class='ocrx_word' id='word_1_18' title='bbox 996 413 1333 474; x_wconf 87' lang='lat' dir='ltr'>rectangulum</span> <span class='ocrx_word' id='word_1_19' title='bbox 1372 427 1488 461; x_wconf 86' lang='lat' dir='ltr'>vero</span> <span class='ocrx_word' id='word_1_20' title='bbox 1531 414 1775 466; x_wconf 89' lang='lat' dir='ltr'>detectum</span> <span class='ocrx_word' id='word_1_21' title='bbox 1813 415 2090 467; x_wconf 87' lang='lat' dir='ltr'>addendum</span> <span class='ocrx_word' id='word_1_22' title='bbox 2128 415 2270 466; x_wconf 86' lang='lat' dir='ltr'>factis</span> <span class='ocrx_word' id='word_1_23' title='bbox 2311 418 2391 468; x_wconf 88' lang='lat' dir='ltr'>vel</span> <span class='ocrx_word' id='word_1_24' title='bbox 2425 421 2546 468; x_wconf 87' lang='lat' dir='ltr'>sub-</span> 
     </span>
     <span class='ocr_line' id='line_1_4' title="bbox 289 486 1661 549; baseline 0.001 -13"><span class='ocrx_word' id='word_1_25' title='bbox 289 487 602 549; x_wconf 86' lang='lat' dir='ltr'>trahendum,</span> <span class='ocrx_word' id='word_1_26' title='bbox 644 486 723 536; x_wconf 87' lang='lat' dir='ltr'>vel</span> <span class='ocrx_word' id='word_1_27' title='bbox 760 489 802 536; x_wconf 89' lang='lat' dir='ltr'>si</span> <span class='ocrx_word' id='word_1_28' title='bbox 839 487 995 535; x_wconf 88' lang='lat' dir='ltr'>factus</span> <span class='ocrx_word' id='word_1_29' title='bbox 1035 487 1098 533; x_wconf 91' lang='lat' dir='ltr'>sit</span> <span class='ocrx_word' id='word_1_30' title='bbox 1135 487 1304 547; x_wconf 89' lang='lat' dir='ltr'>minor,</span> <span class='ocrx_word' id='word_1_31' title='bbox 1347 486 1661 537; x_wconf 87' lang='lat' dir='ltr'>subtrahitur.</span> 
     </span>
    </p>
   </div>
   <div class='ocr_carea' id='block_1_3' title="bbox 571 633 2259 695">
    <p class='ocr_par' dir='ltr' id='par_1_3' title="bbox 571 633 2259 695">
     <span class='ocr_line' id='line_1_5' title="bbox 571 633 2259 695; baseline 0.002 -13"><span class='ocrx_word' id='word_1_32' title='bbox 571 635 863 692; x_wconf 70' lang='lat' dir='ltr'>‘tubingae</span> <span class='ocrx_word' id='word_1_33' title='bbox 900 633 1050 690; x_wconf 75' lang='lat' dir='ltr'>majo</span> <span class='ocrx_word' id='word_1_34' title='bbox 1087 635 1231 691; x_wconf 85' lang='grc'>1621.</span> <span class='ocrx_word' id='word_1_35' title='bbox 1306 636 1390 681; x_wconf 85' lang='lat' dir='ltr'>De</span> <span class='ocrx_word' id='word_1_36' title='bbox 1425 636 1628 684; x_wconf 83' lang='lat' dir='ltr'>intimo</span> <span class='ocrx_word' id='word_1_37' title='bbox 1667 636 1987 695; x_wconf 80' lang='lat' dir='ltr'>argumenti</span> <span class='ocrx_word' id='word_1_38' title='bbox 2023 637 2259 686; x_wconf 80' lang='lat' dir='ltr'>circulo.</span> 
     </span>
    </p>
   </div>
   <div class='ocr_carea' id='block_1_4' title="bbox 285 734 2547 1894">
    <p class='ocr_par' dir='ltr' id='par_1_4' title="bbox 285 734 2547 1894">
     <span class='ocr_line' id='line_1_6' title="bbox 460 734 2545 801; baseline 0.002 -17"><span class='ocrx_word' id='word_1_39' title='bbox 460 735 581 785; x_wconf 86' lang='lat' dir='ltr'>Cum</span> <span class='ocrx_word' id='word_1_40' title='bbox 621 750 710 798; x_wconf 86' lang='lat' dir='ltr'>ego</span> <span class='ocrx_word' id='word_1_41' title='bbox 751 734 976 783; x_wconf 87' lang='lat' dir='ltr'>definiam</span> <span class='ocrx_word' id='word_1_42' title='bbox 1015 739 1353 796; x_wconf 82' lang='lat' dir='ltr'><strong>argumentum</strong></span> <span class='ocrx_word' id='word_1_43' title='bbox 1402 743 1698 784; x_wconf 89' lang='lat' dir='ltr'>menstruum</span> <span class='ocrx_word' id='word_1_44' title='bbox 1739 738 1833 796; x_wconf 90' lang='lat' dir='ltr'>sic,</span> <span class='ocrx_word' id='word_1_45' title='bbox 1885 741 1940 783; x_wconf 90' lang='lat' dir='ltr'>ut</span> <span class='ocrx_word' id='word_1_46' title='bbox 1984 736 2141 798; x_wconf 88' lang='lat' dir='ltr'>major</span> <span class='ocrx_word' id='word_1_47' title='bbox 2179 742 2368 801; x_wconf 80' lang='lat' dir='ltr'>semper</span> <span class='ocrx_word' id='word_1_48' title='bbox 2405 753 2545 789; x_wconf 88' lang='lat' dir='ltr'>arcus</span> 
     </span>
     <span class='ocr_line' id='line_1_7' title="bbox 288 807 2547 875; baseline 0.001 -18"><span class='ocrx_word' id='word_1_49' title='bbox 288 810 350 857; x_wconf 89' lang='lat' dir='ltr'>sit</span> <span class='ocrx_word' id='word_1_50' title='bbox 389 810 436 855; x_wconf 91' lang='lat' dir='ltr'>in</span> <span class='ocrx_word' id='word_1_51' title='bbox 479 809 787 858; x_wconf 76' lang='lat' dir='ltr'>descendenti</span> <span class='ocrx_word' id='word_1_52' title='bbox 816 807 943 855; x_wconf 90' lang='lat' dir='ltr'>Solis</span> <span class='ocrx_word' id='word_1_53' title='bbox 984 808 1302 866; x_wconf 83' lang='lat' dir='ltr'>semicircuIO,</span> <span class='ocrx_word' id='word_1_54' title='bbox 1343 809 1500 856; x_wconf 89' lang='lat' dir='ltr'>minor</span> <span class='ocrx_word' id='word_1_55' title='bbox 1535 809 1696 858; x_wconf 90' lang='lat' dir='ltr'>medio</span> <span class='ocrx_word' id='word_1_56' title='bbox 1735 811 1784 856; x_wconf 92' lang='lat' dir='ltr'>in</span> <span class='ocrx_word' id='word_1_57' title='bbox 1824 809 2128 857; x_wconf 83' lang='lat' dir='ltr'>ascendenti:</span> <span class='ocrx_word' id='word_1_58' title='bbox 2172 819 2363 873; x_wconf 88' lang='lat' dir='ltr'>oportet</span> <span class='ocrx_word' id='word_1_59' title='bbox 2399 814 2547 875; x_wconf 89' lang='lat' dir='ltr'>igitur</span> 
     </span>
     <span class='ocr_line' id='line_1_8' title="bbox 289 880 2546 945; baseline 0.002 -16"><span class='ocrx_word' id='word_1_60' title='bbox 289 885 464 944; x_wconf 90' lang='lat' dir='ltr'>cuique</span> <span class='ocrx_word' id='word_1_61' title='bbox 503 882 674 944; x_wconf 87' lang='lat' dir='ltr'>gradui</span> <span class='ocrx_word' id='word_1_62' title='bbox 713 883 899 943; x_wconf 85' lang='lat' dir='ltr'>integro</span> <span class='ocrx_word' id='word_1_63' title='bbox 941 880 1216 928; x_wconf 82' lang='lat' dir='ltr'>anomaliae</span> <span class='ocrx_word' id='word_1_64' title='bbox 1255 882 1408 943; x_wconf 90' lang='lat' dir='ltr'>primo</span> <span class='ocrx_word' id='word_1_65' title='bbox 1460 890 1700 944; x_wconf 87' lang='lat' dir='ltr'>aequatae</span> <span class='ocrx_word' id='word_1_66' title='bbox 1748 882 1994 945; x_wconf 88' lang='lat' dir='ltr'>applicare</span> <span class='ocrx_word' id='word_1_67' title='bbox 2032 895 2128 929; x_wconf 90' lang='lat' dir='ltr'>non</span> <span class='ocrx_word' id='word_1_68' title='bbox 2174 883 2379 945; x_wconf 87' lang='lat' dir='ltr'>gradum</span> <span class='ocrx_word' id='word_1_69' title='bbox 2417 886 2546 934; x_wconf 86' lang='lat' dir='ltr'>inte-</span> 
     </span>
     <span class='ocr_line' id='line_1_9' title="bbox 287 952 2547 1020; baseline 0.002 -19"><span class='ocrx_word' id='word_1_70' title='bbox 287 969 424 1017; x_wconf 86' lang='lat' dir='ltr'>grum</span> <span class='ocrx_word' id='word_1_71' title='bbox 463 957 749 1016; x_wconf 88' lang='lat' dir='ltr'>argumenti,</span> <span class='ocrx_word' id='word_1_72' title='bbox 789 953 876 1001; x_wconf 89' lang='lat' dir='ltr'>sed</span> <span class='ocrx_word' id='word_1_73' title='bbox 902 952 1253 1016; x_wconf 87' lang='lat' dir='ltr'>scrupularium</span> <span class='ocrx_word' id='word_1_74' title='bbox 1281 968 1339 1001; x_wconf 80' lang='lat' dir='ltr'>ex</span> <span class='ocrx_word' id='word_1_75' title='bbox 1365 952 1615 1002; x_wconf 87' lang='lat' dir='ltr'>additione</span> <span class='ocrx_word' id='word_1_76' title='bbox 1654 957 1804 1019; x_wconf 88' lang='lat' dir='ltr'>partis</span> <span class='ocrx_word' id='word_1_77' title='bbox 1832 954 2138 1016; x_wconf 90' lang='lat' dir='ltr'>aequationis</span> <span class='ocrx_word' id='word_1_78' title='bbox 2166 958 2371 1020; x_wconf 88' lang='lat' dir='ltr'>opticae,</span> <span class='ocrx_word' id='word_1_79' title='bbox 2412 958 2547 1006; x_wconf 85' lang='lat' dir='ltr'>velut</span> 
     </span>
     <span class='ocr_line' id='line_1_10' title="bbox 289 1024 2544 1094; baseline 0.001 -18"><span class='ocrx_word' id='word_1_80' title='bbox 289 1042 348 1076; x_wconf 88' lang='lat' dir='ltr'>ex</span> <span class='ocrx_word' id='word_1_81' title='bbox 387 1027 632 1076; x_wconf 89' lang='lat' dir='ltr'>anomalia</span> <span class='ocrx_word' id='word_1_82' title='bbox 659 1027 880 1076; x_wconf 85' lang='lat' dir='ltr'>eccentri.</span> <span class='ocrx_word' id='word_1_83' title='bbox 944 1024 1104 1086; x_wconf 82' lang='lat' dir='ltr'>Quare</span> <span class='ocrx_word' id='word_1_84' title='bbox 1144 1027 1227 1088; x_wconf 91' lang='lat' dir='ltr'>qui</span> <span class='ocrx_word' id='word_1_85' title='bbox 1266 1032 1379 1073; x_wconf 89' lang='lat' dir='ltr'>sunt</span> <span class='ocrx_word' id='word_1_86' title='bbox 1416 1025 1694 1088; x_wconf 88' lang='lat' dir='ltr'>logarithmi</span> <span class='ocrx_word' id='word_1_87' title='bbox 1734 1030 1781 1075; x_wconf 93' lang='lat' dir='ltr'>in</span> <span class='ocrx_word' id='word_1_88' title='bbox 1821 1027 2001 1075; x_wconf 90' lang='lat' dir='ltr'>circulo</span> <span class='ocrx_word' id='word_1_89' title='bbox 2027 1028 2214 1088; x_wconf 90' lang='lat' dir='ltr'>intimo,</span> <span class='ocrx_word' id='word_1_90' title='bbox 2258 1043 2544 1094; x_wconf 84' lang='lat' dir='ltr'>repraesen-</span> 
     </span>
     <span class='ocr_line' id='line_1_11' title="bbox 287 1098 2547 1164; baseline 0.002 -16"><span class='ocrx_word' id='word_1_91' title='bbox 287 1107 447 1149; x_wconf 87' lang='lat' dir='ltr'>tantes</span> <span class='ocrx_word' id='word_1_92' title='bbox 486 1099 712 1164; x_wconf 90' lang='lat' dir='ltr'>scrupula</span> <span class='ocrx_word' id='word_1_93' title='bbox 749 1098 987 1161; x_wconf 86' lang='lat' dir='ltr'>graduum</span> <span class='ocrx_word' id='word_1_94' title='bbox 1024 1101 1348 1160; x_wconf 89' lang='lat' dir='ltr'>integrorum,</span> <span class='ocrx_word' id='word_1_95' title='bbox 1404 1098 1488 1147; x_wconf 87' lang='lat' dir='ltr'>illa</span> <span class='ocrx_word' id='word_1_96' title='bbox 1526 1114 1622 1148; x_wconf 90' lang='lat' dir='ltr'>non</span> <span class='ocrx_word' id='word_1_97' title='bbox 1671 1100 1812 1149; x_wconf 88' lang='lat' dir='ltr'>aliter</span> <span class='ocrx_word' id='word_1_98' title='bbox 1851 1099 2040 1161; x_wconf 89' lang='lat' dir='ltr'>valent,</span> <span class='ocrx_word' id='word_1_99' title='bbox 2093 1102 2185 1148; x_wconf 88' lang='lat' dir='ltr'>nisi</span> <span class='ocrx_word' id='word_1_100' title='bbox 2227 1099 2366 1150; x_wconf 89' lang='lat' dir='ltr'>Luna</span> <span class='ocrx_word' id='word_1_101' title='bbox 2403 1102 2547 1152; x_wconf 82' lang='lat' dir='ltr'>fuerit</span> 
     </span>
     <span class='ocr_line' id='line_1_12' title="bbox 289 1170 2543 1238; baseline 0.003 -19"><span class='ocrx_word' id='word_1_102' title='bbox 289 1173 367 1221; x_wconf 88' lang='lat' dir='ltr'>vel</span> <span class='ocrx_word' id='word_1_103' title='bbox 410 1175 456 1220; x_wconf 92' lang='lat' dir='ltr'>in</span> <span class='ocrx_word' id='word_1_104' title='bbox 496 1172 683 1238; x_wconf 90' lang='lat' dir='ltr'>copulis</span> <span class='ocrx_word' id='word_1_105' title='bbox 724 1171 799 1220; x_wconf 91' lang='lat' dir='ltr'>vel</span> <span class='ocrx_word' id='word_1_106' title='bbox 840 1174 887 1219; x_wconf 91' lang='lat' dir='ltr'>in</span> <span class='ocrx_word' id='word_1_107' title='bbox 928 1171 1176 1235; x_wconf 86' lang='lat' dir='ltr'>apsidibus</span> <span class='ocrx_word' id='word_1_108' title='bbox 1230 1170 1438 1220; x_wconf 90' lang='lat' dir='ltr'>solutae.</span> <span class='ocrx_word' id='word_1_109' title='bbox 1514 1172 1606 1220; x_wconf 90' lang='lat' dir='ltr'>His</span> <span class='ocrx_word' id='word_1_110' title='bbox 1645 1175 1772 1221; x_wconf 90' lang='lat' dir='ltr'>enim</span> <span class='ocrx_word' id='word_1_111' title='bbox 1812 1172 2005 1221; x_wconf 85' lang='lat' dir='ltr'>casibus</span> <span class='ocrx_word' id='word_1_112' title='bbox 2044 1173 2165 1221; x_wconf 91' lang='lat' dir='ltr'>nihil</span> <span class='ocrx_word' id='word_1_113' title='bbox 2205 1174 2395 1223; x_wconf 88' lang='lat' dir='ltr'>accedit</span> <span class='ocrx_word' id='word_1_114' title='bbox 2433 1176 2543 1225; x_wconf 91' lang='lat' dir='ltr'>loco</span> 
     </span>
     <span class='ocr_line' id='line_1_13' title="bbox 287 1244 2544 1309; baseline 0.001 -15"><span class='ocrx_word' id='word_1_115' title='bbox 287 1245 458 1295; x_wconf 86' lang='lat' dir='ltr'>Lunae</span> <span class='ocrx_word' id='word_1_116' title='bbox 499 1245 558 1294; x_wconf 91' lang='lat' dir='ltr'>de</span> <span class='ocrx_word' id='word_1_117' title='bbox 598 1244 873 1294; x_wconf 84' lang='lat' dir='ltr'>anomaliae</span> <span class='ocrx_word' id='word_1_118' title='bbox 913 1246 1119 1292; x_wconf 91' lang='lat' dir='ltr'>eccentri</span> <span class='ocrx_word' id='word_1_119' title='bbox 1157 1244 1449 1306; x_wconf 86' lang='lat' dir='ltr'>aequatione</span> <span class='ocrx_word' id='word_1_120' title='bbox 1489 1247 1667 1309; x_wconf 88' lang='lat' dir='ltr'>optica.</span> <span class='ocrx_word' id='word_1_121' title='bbox 1731 1246 1917 1294; x_wconf 88' lang='lat' dir='ltr'>Ceteris</span> <span class='ocrx_word' id='word_1_122' title='bbox 1958 1247 2003 1292; x_wconf 92' lang='lat' dir='ltr'>in</span> <span class='ocrx_word' id='word_1_123' title='bbox 2045 1245 2164 1294; x_wconf 91' lang='lat' dir='ltr'>locis</span> <span class='ocrx_word' id='word_1_124' title='bbox 2206 1246 2374 1296; x_wconf 86' lang='lat' dir='ltr'>Lunae</span> <span class='ocrx_word' id='word_1_125' title='bbox 2414 1263 2544 1298; x_wconf 88' lang='lat' dir='ltr'>sem-</span> 
     </span>
     <span class='ocr_line' id='line_1_14' title="bbox 285 1317 2541 1383; baseline 0.002 -17"><span class='ocrx_word' id='word_1_126' title='bbox 285 1334 370 1383; x_wconf 86' lang='lat' dir='ltr'>per</span> <span class='ocrx_word' id='word_1_127' title='bbox 407 1325 534 1368; x_wconf 87' lang='lat' dir='ltr'>essct</span> <span class='ocrx_word' id='word_1_128' title='bbox 573 1318 849 1367; x_wconf 87' lang='lat' dir='ltr'>addendum</span> <span class='ocrx_word' id='word_1_129' title='bbox 888 1317 1041 1364; x_wconf 91' lang='lat' dir='ltr'>intimi</span> <span class='ocrx_word' id='word_1_130' title='bbox 1070 1317 1232 1365; x_wconf 90' lang='lat' dir='ltr'>circuli</span> <span class='ocrx_word' id='word_1_131' title='bbox 1261 1317 1493 1380; x_wconf 88' lang='lat' dir='ltr'>gradibus</span> <span class='ocrx_word' id='word_1_132' title='bbox 1531 1317 1885 1368; x_wconf 89' lang='lat' dir='ltr'>subintellectis</span> <span class='ocrx_word' id='word_1_133' title='bbox 1913 1320 1958 1365; x_wconf 91' lang='lat' dir='ltr'>in</span> <span class='ocrx_word' id='word_1_134' title='bbox 1998 1317 2307 1368; x_wconf 80' lang='lat' dir='ltr'>descendenti</span> <span class='ocrx_word' id='word_1_135' title='bbox 2337 1321 2541 1383; x_wconf 88' lang='lat' dir='ltr'>solutae,</span> 
     </span>
     <span class='ocr_line' id='line_1_15' title="bbox 287 1389 2543 1456; baseline 0.002 -17"><span class='ocrx_word' id='word_1_136' title='bbox 287 1407 476 1456; x_wconf 85' lang='lat' dir='ltr'>semper</span> <span class='ocrx_word' id='word_1_137' title='bbox 526 1391 841 1440; x_wconf 84' lang='lat' dir='ltr'>auferendum</span> <span class='ocrx_word' id='word_1_138' title='bbox 892 1391 939 1437; x_wconf 91' lang='lat' dir='ltr'>in</span> <span class='ocrx_word' id='word_1_139' title='bbox 980 1389 1284 1449; x_wconf 81' lang='lat' dir='ltr'>ascendenti,</span> <span class='ocrx_word' id='word_1_140' title='bbox 1344 1389 1595 1438; x_wconf 88' lang='lat' dir='ltr'>dimidium</span> <span class='ocrx_word' id='word_1_141' title='bbox 1647 1392 1955 1453; x_wconf 83' lang='lat' dir='ltr'>aequationis</span> <span class='ocrx_word' id='word_1_142' title='bbox 1994 1405 2053 1439; x_wconf 89' lang='lat' dir='ltr'>ex</span> <span class='ocrx_word' id='word_1_143' title='bbox 2093 1392 2298 1440; x_wconf 80' lang='lat' dir='ltr'>volubili</span> <span class='ocrx_word' id='word_1_144' title='bbox 2349 1394 2543 1447; x_wconf 83' lang='lat' dir='ltr'>circulo,</span> 
     </span>
     <span class='ocr_line' id='line_1_16' title="bbox 285 1458 2544 1528; baseline 0.001 -14"><span class='ocrx_word' id='word_1_145' title='bbox 285 1458 451 1514; x_wconf 87' lang='lat' dir='ltr'>Lubet</span> <span class='ocrx_word' id='word_1_146' title='bbox 489 1465 767 1528; x_wconf 85' lang='lat' dir='ltr'>explorare,</span> <span class='ocrx_word' id='word_1_147' title='bbox 822 1469 1034 1525; x_wconf 89' lang='lat' dir='ltr'>quantus</span> <span class='ocrx_word' id='word_1_148' title='bbox 1073 1463 1262 1510; x_wconf 89' lang='lat' dir='ltr'>futurus</span> <span class='ocrx_word' id='word_1_149' title='bbox 1301 1465 1364 1511; x_wconf 89' lang='lat' dir='ltr'>sit</span> <span class='ocrx_word' id='word_1_150' title='bbox 1403 1477 1558 1523; x_wconf 86' lang='lat' dir='ltr'>error,</span> <span class='ocrx_word' id='word_1_151' title='bbox 1613 1465 1653 1511; x_wconf 85' lang='lat' dir='ltr'>si</span> <span class='ocrx_word' id='word_1_152' title='bbox 1692 1478 1788 1511; x_wconf 93' lang='lat' dir='ltr'>non</span> <span class='ocrx_word' id='word_1_153' title='bbox 1828 1463 1913 1511; x_wconf 87' lang='lat' dir='ltr'>fiat</span> <span class='ocrx_word' id='word_1_154' title='bbox 1952 1463 2082 1525; x_wconf 88' lang='lat' dir='ltr'>quod</span> <span class='ocrx_word' id='word_1_155' title='bbox 2124 1466 2394 1528; x_wconf 85' lang='lat' dir='ltr'>oportebat.</span> <span class='ocrx_word' id='word_1_156' title='bbox 2470 1466 2544 1517; x_wconf 84' lang='lat' dir='ltr'>Sit</span> 
     </span>
     <span class='ocr_line' id='line_1_17' title="bbox 287 1534 2541 1604; baseline 0.001 -19"><span class='ocrx_word' id='word_1_157' title='bbox 287 1539 468 1586; x_wconf 84' lang='lat' dir='ltr'>mensis</span> <span class='ocrx_word' id='word_1_158' title='bbox 508 1537 706 1601; x_wconf 87' lang='lat' dir='ltr'>plenus:</span> <span class='ocrx_word' id='word_1_159' title='bbox 748 1545 863 1584; x_wconf 91' lang='lat' dir='ltr'>tunc</span> <span class='ocrx_word' id='word_1_160' title='bbox 889 1536 1029 1583; x_wconf 84' lang='lat' dir='ltr'>Luna</span> <span class='ocrx_word' id='word_1_161' title='bbox 1069 1537 1116 1582; x_wconf 90' lang='lat' dir='ltr'>in</span> <span class='ocrx_word' id='word_1_162' title='bbox 1158 1534 1357 1597; x_wconf 86' lang='lat' dir='ltr'>quadris</span> <span class='ocrx_word' id='word_1_163' title='bbox 1401 1543 1623 1585; x_wconf 89' lang='lat' dir='ltr'>versante</span> <span class='ocrx_word' id='word_1_164' title='bbox 1662 1536 1782 1584; x_wconf 90' lang='lat' dir='ltr'>nihil</span> <span class='ocrx_word' id='word_1_165' title='bbox 1821 1536 2039 1586; x_wconf 83' lang='lat' dir='ltr'>efficitur.</span> <span class='ocrx_word' id='word_1_166' title='bbox 2092 1537 2216 1586; x_wconf 90' lang='lat' dir='ltr'>Nam</span> <span class='ocrx_word' id='word_1_167' title='bbox 2257 1541 2346 1588; x_wconf 87' lang='lat' dir='ltr'>etsi</span> <span class='ocrx_word' id='word_1_168' title='bbox 2388 1540 2541 1604; x_wconf 87' lang='lat' dir='ltr'>pluri-</span> 
     </span>
     <span class='ocr_line' id='line_1_18' title="bbox 286 1605 2541 1675; baseline 0.002 -18"><span class='ocrx_word' id='word_1_169' title='bbox 286 1625 418 1658; x_wconf 89' lang='lat' dir='ltr'>mum</span> <span class='ocrx_word' id='word_1_170' title='bbox 471 1611 537 1659; x_wconf 91' lang='lat' dir='ltr'>ibi</span> <span class='ocrx_word' id='word_1_171' title='bbox 577 1609 851 1658; x_wconf 87' lang='lat' dir='ltr'>addendum</span> <span class='ocrx_word' id='word_1_172' title='bbox 904 1614 1032 1656; x_wconf 89' lang='lat' dir='ltr'>esset</span> <span class='ocrx_word' id='word_1_173' title='bbox 1072 1605 1132 1656; x_wconf 84' lang='lat'>2⁰</span> <span class='ocrx_word' id='word_1_174' title='bbox 1171 1607 1282 1666; x_wconf 84' lang='lat'>30¹,</span> <span class='ocrx_word' id='word_1_175' title='bbox 1333 1615 1383 1656; x_wconf 90' lang='lat' dir='ltr'>at</span> <span class='ocrx_word' id='word_1_176' title='bbox 1420 1610 1556 1658; x_wconf 89' lang='lat' dir='ltr'>sinus</span> <span class='ocrx_word' id='word_1_177' title='bbox 1598 1608 1692 1659; x_wconf 89' lang='grc'>900</span> <span class='ocrx_word' id='word_1_178' title='bbox 1730 1615 1778 1658; x_wconf 87' lang='lat' dir='ltr'>et</span> <span class='ocrx_word' id='word_1_179' title='bbox 1817 1606 1912 1658; x_wconf 82' lang='grc'>870</span> <span class='ocrx_word' id='word_1_180' title='bbox 1951 1607 2036 1658; x_wconf 80' lang='lat'>30¹</span> <span class='ocrx_word' id='word_1_181' title='bbox 2086 1625 2254 1675; x_wconf 87' lang='lat' dir='ltr'>parum</span> <span class='ocrx_word' id='word_1_182' title='bbox 2303 1612 2541 1662; x_wconf 84' lang='lat' dir='ltr'>differunt.</span> 
     </span>
     <span class='ocr_line' id='line_1_19' title="bbox 286 1678 2542 1747; baseline 0.001 -15"><span class='ocrx_word' id='word_1_183' title='bbox 286 1683 410 1732; x_wconf 80' lang='lat' dir='ltr'>Nam</span> <span class='ocrx_word' id='word_1_184' title='bbox 454 1688 519 1732; x_wconf 83' lang='lat'>95</span> <span class='ocrx_word' id='word_1_185' title='bbox 561 1689 634 1731; x_wconf 89' lang='lat' dir='ltr'>est</span> <span class='ocrx_word' id='word_1_186' title='bbox 671 1697 783 1746; x_wconf 89' lang='lat' dir='ltr'>pars</span> <span class='ocrx_word' id='word_1_187' title='bbox 815 1678 989 1731; x_wconf 72' lang='lat'>10531·</span> <span class='ocrx_word' id='word_1_188' title='bbox 1029 1679 1087 1730; x_wconf 90' lang='lat' dir='ltr'>de</span> <span class='ocrx_word' id='word_1_189' title='bbox 1122 1685 1347 1740; x_wconf 90' lang='lat'>100000,</span> <span class='ocrx_word' id='word_1_190' title='bbox 1389 1696 1497 1729; x_wconf 92' lang='lat' dir='ltr'>cum</span> <span class='ocrx_word' id='word_1_191' title='bbox 1536 1684 1632 1731; x_wconf 91' lang='lat' dir='ltr'>sint</span> <span class='ocrx_word' id='word_1_192' title='bbox 1657 1683 1844 1731; x_wconf 90' lang='lat' dir='ltr'>minuta</span> <span class='ocrx_word' id='word_1_193' title='bbox 1875 1686 1975 1731; x_wconf 87' lang='lat'>150</span> <span class='ocrx_word' id='word_1_194' title='bbox 2016 1683 2062 1730; x_wconf 84' lang='lat' dir='ltr'>in</span> <span class='ocrx_word' id='word_1_195' title='bbox 2103 1685 2410 1747; x_wconf 84' lang='lat' dir='ltr'>aequatione,</span> <span class='ocrx_word' id='word_1_196' title='bbox 2446 1687 2542 1735; x_wconf 91' lang='lat' dir='ltr'>ita-</span> 
     </span>
     <span class='ocr_line' id='line_1_20' title="bbox 287 1754 2545 1820; baseline 0.002 -16"><span class='ocrx_word' id='word_1_197' title='bbox 287 1771 382 1819; x_wconf 88' lang='lat' dir='ltr'>que</span> <span class='ocrx_word' id='word_1_198' title='bbox 421 1758 629 1820; x_wconf 87' lang='lat' dir='ltr'>septima</span> <span class='ocrx_word' id='word_1_199' title='bbox 665 1757 787 1803; x_wconf 83' lang='lat' dir='ltr'>forte</span> <span class='ocrx_word' id='word_1_200' title='bbox 828 1767 941 1819; x_wconf 81' lang='lat' dir='ltr'>pars</span> <span class='ocrx_word' id='word_1_201' title='bbox 989 1755 1164 1801; x_wconf 88' lang='lat' dir='ltr'>minuti</span> <span class='ocrx_word' id='word_1_202' title='bbox 1204 1767 1289 1802; x_wconf 86' lang='lat' dir='ltr'>seu</span> <span class='ocrx_word' id='word_1_203' title='bbox 1331 1754 1396 1803; x_wconf 88' lang='lat'>9¹¹</span> <span class='ocrx_word' id='word_1_204' title='bbox 1436 1754 1514 1803; x_wconf 92' lang='lat' dir='ltr'>hic</span> <span class='ocrx_word' id='word_1_205' title='bbox 1554 1762 1795 1820; x_wconf 87' lang='lat' dir='ltr'>peccatur.</span> <span class='ocrx_word' id='word_1_206' title='bbox 1873 1755 1928 1803; x_wconf 89' lang='lat' dir='ltr'>In</span> <span class='ocrx_word' id='word_1_207' title='bbox 1971 1755 2064 1804; x_wconf 87' lang='grc'>450</span> <span class='ocrx_word' id='word_1_208' title='bbox 2103 1756 2346 1806; x_wconf 84' lang='lat' dir='ltr'>debebant</span> <span class='ocrx_word' id='word_1_209' title='bbox 2400 1773 2545 1808; x_wconf 90' lang='lat' dir='ltr'>acce-</span> 
     </span>
     <span class='ocr_line' id='line_1_21' title="bbox 286 1825 2541 1894; baseline 0.001 -17"><span class='ocrx_word' id='word_1_210' title='bbox 286 1829 398 1877; x_wconf 87' lang='lat' dir='ltr'>dere</span> <span class='ocrx_word' id='word_1_211' title='bbox 441 1828 496 1877; x_wconf 84' lang='lat'>1⁰</span> <span class='ocrx_word' id='word_1_212' title='bbox 538 1826 638 1877; x_wconf 82' lang='lat'>48¹.</span> <span class='ocrx_word' id='word_1_213' title='bbox 715 1827 809 1876; x_wconf 92' lang='lat' dir='ltr'>Hic</span> <span class='ocrx_word' id='word_1_214' title='bbox 847 1833 1074 1890; x_wconf 88' lang='lat' dir='ltr'>peccatur</span> <span class='ocrx_word' id='word_1_215' title='bbox 1114 1825 1162 1875; x_wconf 81' lang='lat'>3‘</span> <span class='ocrx_word' id='word_1_216' title='bbox 1202 1828 1306 1875; x_wconf 73' lang='lat'>30⁰</span> <span class='ocrx_word' id='word_1_217' title='bbox 1345 1828 1546 1878; x_wconf 88' lang='lat' dir='ltr'>circiter.</span> <span class='ocrx_word' id='word_1_218' title='bbox 1625 1828 1751 1876; x_wconf 89' lang='lat' dir='ltr'>Puto</span> <span class='ocrx_word' id='word_1_219' title='bbox 1790 1827 1917 1876; x_wconf 91' lang='lat' dir='ltr'>hanc</span> <span class='ocrx_word' id='word_1_220' title='bbox 1956 1843 2194 1877; x_wconf 88' lang='lat' dir='ltr'>summam</span> <span class='ocrx_word' id='word_1_221' title='bbox 2236 1845 2340 1880; x_wconf 88' lang='lat' dir='ltr'>esse</span> <span class='ocrx_word' id='word_1_222' title='bbox 2381 1847 2541 1894; x_wconf 86' lang='lat' dir='ltr'>quan-</span> 
     </span>
    </p>
   </div>
   <div class='ocr_carea' id='block_1_5' title="bbox 285 1898 2633 2037">
    <p class='ocr_par' dir='ltr' id='par_1_5' title="bbox 285 1898 2633 2037">
     <span class='ocr_line' id='line_1_22' title="bbox 285 1898 2631 1963; baseline 0.002 -15"><span class='ocrx_word' id='word_1_223' title='bbox 285 1903 491 1950; x_wconf 71' lang='lat' dir='ltr'>titatem.</span> <span class='ocrx_word' id='word_1_224' title='bbox 567 1901 690 1949; x_wconf 89' lang='lat' dir='ltr'>Nam</span> <span class='ocrx_word' id='word_1_225' title='bbox 730 1901 944 1948; x_wconf 90' lang='lat' dir='ltr'>anterius</span> <span class='ocrx_word' id='word_1_226' title='bbox 983 1899 1091 1963; x_wconf 90' lang='lat' dir='ltr'>plus</span> <span class='ocrx_word' id='word_1_227' title='bbox 1131 1898 1325 1961; x_wconf 87' lang='lat' dir='ltr'>quidem</span> <span class='ocrx_word' id='word_1_228' title='bbox 1367 1899 1591 1948; x_wconf 79' lang='lat' dir='ltr'>differunt</span> <span class='ocrx_word' id='word_1_229' title='bbox 1629 1903 1763 1948; x_wconf 87' lang='lat' dir='ltr'>sinus</span> <span class='ocrx_word' id='word_1_230' title='bbox 1801 1914 1897 1949; x_wconf 89' lang='lat' dir='ltr'>non</span> <span class='ocrx_word' id='word_1_231' title='bbox 1938 1901 2107 1962; x_wconf 90' lang='lat' dir='ltr'>multo,</span> <span class='ocrx_word' id='word_1_232' title='bbox 2147 1903 2302 1950; x_wconf 89' lang='lat' dir='ltr'>minor</span> <span class='ocrx_word' id='word_1_233' title='bbox 2330 1919 2442 1953; x_wconf 85' lang='lat' dir='ltr'>vero</span> <span class='ocrx_word' id='word_1_234' title='bbox 2470 1913 2544 1954; x_wconf 88' lang='lat' dir='ltr'>est</span> <span class='ocrx_word' id='word_1_235' title='bbox 2626 1934 2631 1940; x_wconf 93' lang='lat'>-</span> 
     </span>
     <span class='ocr_line' id='line_1_23' title="bbox 285 1971 2633 2037; baseline 0 -13"><span class='ocrx_word' id='word_1_236' title='bbox 285 1977 514 2037; x_wconf 88' lang='lat' dir='ltr'>aequatio</span> <span class='ocrx_word' id='word_1_237' title='bbox 553 1973 731 2034; x_wconf 88' lang='lat' dir='ltr'>mult0,</span> <span class='ocrx_word' id='word_1_238' title='bbox 782 1974 1024 2037; x_wconf 80' lang='lat' dir='ltr'>posterius</span> <span class='ocrx_word' id='word_1_239' title='bbox 1061 1973 1220 2019; x_wconf 90' lang='lat' dir='ltr'>minus</span> <span class='ocrx_word' id='word_1_240' title='bbox 1261 1971 1485 2021; x_wconf 80' lang='lat' dir='ltr'>differunt</span> <span class='ocrx_word' id='word_1_241' title='bbox 1523 1975 1658 2022; x_wconf 87' lang='lat' dir='ltr'>sinus</span> <span class='ocrx_word' id='word_1_242' title='bbox 1698 1974 1876 2032; x_wconf 87' lang='lat' dir='ltr'>multo,</span> <span class='ocrx_word' id='word_1_243' title='bbox 1925 1981 2132 2035; x_wconf 77' lang='lat' dir='ltr'>augetur</span> <span class='ocrx_word' id='word_1_244' title='bbox 2178 1978 2405 2037; x_wconf 84' lang='lat' dir='ltr'>aequatio</span> <span class='ocrx_word' id='word_1_245' title='bbox 2444 1993 2540 2025; x_wconf 87' lang='lat' dir='ltr'>non</span> <span class='ocrx_word' id='word_1_246' title='bbox 2626 2005 2633 2008; x_wconf 87' lang='lat'><em>-</em></span> 
     </span>
    </p>
   </div>
   <div class='ocr_carea' id='block_1_6' title="bbox 283 2042 2541 2406">
    <p class='ocr_par' dir='ltr' id='par_1_6' title="bbox 283 2042 2541 2406">
     <span class='ocr_line' id='line_1_24' title="bbox 284 2042 2537 2112; baseline 0.002 -17"><span class='ocrx_word' id='word_1_247' title='bbox 284 2047 455 2098; x_wconf 80' lang='lat' dir='ltr'>multo,</span> <span class='ocrx_word' id='word_1_248' title='bbox 532 2047 607 2096; x_wconf 90' lang='lat' dir='ltr'>Sit</span> <span class='ocrx_word' id='word_1_249' title='bbox 656 2053 772 2095; x_wconf 91' lang='lat' dir='ltr'>nota</span> <span class='ocrx_word' id='word_1_250' title='bbox 819 2047 998 2094; x_wconf 84' lang='lat' dir='ltr'>mensis</span> <span class='ocrx_word' id='word_1_251' title='bbox 1040 2044 1157 2103; x_wconf 87' lang='grc'>450,</span> <span class='ocrx_word' id='word_1_252' title='bbox 1209 2059 1323 2107; x_wconf 87' lang='lat' dir='ltr'>ergo</span> <span class='ocrx_word' id='word_1_253' title='bbox 1362 2042 1432 2111; x_wconf 54' lang='lat' dir='ltr'>Q</span> <span class='ocrx_word' id='word_1_254' title='bbox 1472 2048 1519 2093; x_wconf 92' lang='lat' dir='ltr'>in</span> <span class='ocrx_word' id='word_1_255' title='bbox 1572 2054 1768 2095; x_wconf 87' lang='lat' dir='ltr'>octante</span> <span class='ocrx_word' id='word_1_256' title='bbox 1812 2045 1928 2106; x_wconf 87' lang='grc'>450,</span> <span class='ocrx_word' id='word_1_257' title='bbox 1983 2047 2149 2096; x_wconf 86' lang='lat' dir='ltr'>debuit</span> <span class='ocrx_word' id='word_1_258' title='bbox 2197 2063 2282 2112; x_wconf 91' lang='lat' dir='ltr'>per</span> <span class='ocrx_word' id='word_1_259' title='bbox 2322 2047 2415 2098; x_wconf 84' lang='lat'>47⁰</span> <span class='ocrx_word' id='word_1_260' title='bbox 2454 2050 2537 2100; x_wconf 82' lang='lat'>30¹</span> 
     </span>
     <span class='ocr_line' id='line_1_25' title="bbox 283 2118 2540 2185; baseline 0.001 -16"><span class='ocrx_word' id='word_1_261' title='bbox 283 2121 475 2184; x_wconf 84' lang='lat' dir='ltr'>excerpi</span> <span class='ocrx_word' id='word_1_262' title='bbox 514 2121 761 2182; x_wconf 89' lang='lat' dir='ltr'>aequatio.</span> <span class='ocrx_word' id='word_1_263' title='bbox 838 2119 976 2166; x_wconf 87' lang='lat' dir='ltr'>Tunc</span> <span class='ocrx_word' id='word_1_264' title='bbox 1016 2118 1243 2181; x_wconf 89' lang='lat' dir='ltr'>scrupula</span> <span class='ocrx_word' id='word_1_265' title='bbox 1283 2126 1529 2168; x_wconf 89' lang='lat' dir='ltr'>menstrua</span> <span class='ocrx_word' id='word_1_266' title='bbox 1567 2127 1681 2168; x_wconf 87' lang='lat' dir='ltr'>sunt</span> <span class='ocrx_word' id='word_1_267' title='bbox 1719 2119 1814 2179; x_wconf 79' lang='lat' dir='ltr'>log.</span> <span class='ocrx_word' id='word_1_268' title='bbox 1854 2122 2044 2169; x_wconf 85' lang='lat'>34700.</span> <span class='ocrx_word' id='word_1_269' title='bbox 2112 2120 2178 2168; x_wconf 83' lang='lat' dir='ltr'>At</span> <span class='ocrx_word' id='word_1_270' title='bbox 2207 2123 2435 2185; x_wconf 86' lang='lat' dir='ltr'>scrupula</span> <span class='ocrx_word' id='word_1_271' title='bbox 2461 2137 2540 2172; x_wconf 87' lang='lat' dir='ltr'>ar-</span> 
     </span>
     <span class='ocr_line' id='line_1_26' title="bbox 284 2188 2535 2257; baseline 0.002 -16"><span class='ocrx_word' id='word_1_272' title='bbox 284 2195 502 2256; x_wconf 87' lang='lat' dir='ltr'>gumenti</span> <span class='ocrx_word' id='word_1_273' title='bbox 542 2206 627 2257; x_wconf 91' lang='lat' dir='ltr'>pro</span> <span class='ocrx_word' id='word_1_274' title='bbox 670 2197 845 2241; x_wconf 78' lang='lat'>34700</span> <span class='ocrx_word' id='word_1_275' title='bbox 887 2191 1131 2240; x_wconf 82' lang='lat' dir='ltr'>debebant</span> <span class='ocrx_word' id='word_1_276' title='bbox 1169 2205 1275 2240; x_wconf 86' lang='lat' dir='ltr'>esse</span> <span class='ocrx_word' id='word_1_277' title='bbox 1317 2197 1491 2240; x_wconf 89' lang='grc'>69400</span> <span class='ocrx_word' id='word_1_278' title='bbox 1525 2220 1586 2228; x_wconf 90' lang='grc'>-</span> <span class='ocrx_word' id='word_1_279' title='bbox 1622 2188 1677 2241; x_wconf 91' lang='grc'>10</span> <span class='ocrx_word' id='word_1_280' title='bbox 1719 2193 1803 2240; x_wconf 83' lang='lat'>15¹</span> <span class='ocrx_word' id='word_1_281' title='bbox 1843 2194 1925 2252; x_wconf 74' lang='grc' dir='ltr'>δ”,</span> <span class='ocrx_word' id='word_1_282' title='bbox 1968 2197 2143 2243; x_wconf 89' lang='grc'>30500</span> <span class='ocrx_word' id='word_1_283' title='bbox 2176 2195 2231 2252; x_wconf 81' lang='grc' dir='ltr'>-Ι-</span> <span class='ocrx_word' id='word_1_284' title='bbox 2269 2200 2444 2244; x_wconf 87' lang='grc'>34700</span> <span class='ocrx_word' id='word_1_285' title='bbox 2477 2217 2535 2238; x_wconf 85' lang='lat'><strong><em>=</em></strong></span> 
     </span>
     <span class='ocr_line' id='line_1_27' title="bbox 287 2262 2541 2329; baseline 0.001 -14"><span class='ocrx_word' id='word_1_286' title='bbox 287 2271 462 2316; x_wconf 77' lang='lat'>65200</span> <span class='ocrx_word' id='word_1_287' title='bbox 490 2294 559 2301; x_wconf 96' lang='lat'>—</span> <span class='ocrx_word' id='word_1_288' title='bbox 592 2265 645 2314; x_wconf 93' lang='grc'>10</span> <span class='ocrx_word' id='word_1_289' title='bbox 678 2267 761 2314; x_wconf 84' lang='lat'>18‘</span> <span class='ocrx_word' id='word_1_290' title='bbox 794 2267 912 2324; x_wconf 81' lang='lat'><strong>12“‚</strong></span> <span class='ocrx_word' id='word_1_291' title='bbox 954 2263 1051 2312; x_wconf 82' lang='lat' dir='ltr'>diff.</span> <span class='ocrx_word' id='word_1_292' title='bbox 1082 2265 1131 2313; x_wconf 87' lang='lat'>3‘</span> <span class='ocrx_word' id='word_1_293' title='bbox 1161 2262 1241 2312; x_wconf 81' lang='lat'>6¹⁴.</span> <span class='ocrx_word' id='word_1_294' title='bbox 1319 2263 1414 2313; x_wconf 88' lang='lat' dir='ltr'>Hic</span> <span class='ocrx_word' id='word_1_295' title='bbox 1453 2266 1625 2314; x_wconf 87' lang='lat' dir='ltr'>iterum</span> <span class='ocrx_word' id='word_1_296' title='bbox 1665 2271 1738 2313; x_wconf 89' lang='lat' dir='ltr'>cst</span> <span class='ocrx_word' id='word_1_297' title='bbox 1777 2264 1875 2313; x_wconf 82' lang='lat' dir='ltr'>diff.</span> <span class='ocrx_word' id='word_1_298' title='bbox 1906 2265 1954 2314; x_wconf 84' lang='lat'>3¹</span> <span class='ocrx_word' id='word_1_299' title='bbox 1995 2268 2062 2314; x_wconf 82' lang='lat'>6“</span> <span class='ocrx_word' id='word_1_300' title='bbox 2102 2267 2302 2325; x_wconf 85' lang='lat' dir='ltr'>circiter,</span> <span class='ocrx_word' id='word_1_301' title='bbox 2345 2268 2541 2329; x_wconf 89' lang='lat' dir='ltr'>quando</span> 
     </span>
     <span class='ocr_line' id='line_1_28' title="bbox 287 2336 2540 2406; baseline 0.002 -18"><span class='ocrx_word' id='word_1_302' title='bbox 287 2338 527 2406; x_wconf 87' lang='lat' dir='ltr'>particula</span> <span class='ocrx_word' id='word_1_303' title='bbox 565 2353 730 2388; x_wconf 86' lang='lat' dir='ltr'>exsors</span> <span class='ocrx_word' id='word_1_304' title='bbox 772 2343 819 2387; x_wconf 87' lang='lat'>3.</span> <span class='ocrx_word' id='word_1_305' title='bbox 865 2343 925 2386; x_wconf 83' lang='grc'>17</span> <span class='ocrx_word' id='word_1_306' title='bbox 971 2336 1031 2399; x_wconf 79' lang='lat' dir='ltr'>S3</span> <span class='ocrx_word' id='word_1_307' title='bbox 1079 2336 1158 2385; x_wconf 88' lang='lat' dir='ltr'>hic</span> <span class='ocrx_word' id='word_1_308' title='bbox 1198 2338 1343 2399; x_wconf 88' lang='lat' dir='ltr'>igitur</span> <span class='ocrx_word' id='word_1_309' title='bbox 1382 2340 1564 2388; x_wconf 88' lang='lat' dir='ltr'>omissa</span> <span class='ocrx_word' id='word_1_310' title='bbox 1602 2338 1840 2403; x_wconf 86' lang='lat' dir='ltr'>particula</span> <span class='ocrx_word' id='word_1_311' title='bbox 1878 2353 2043 2388; x_wconf 87' lang='lat' dir='ltr'>exsors</span> <span class='ocrx_word' id='word_1_312' title='bbox 2082 2339 2278 2402; x_wconf 82' lang='lat' dir='ltr'>corrigit</span> <span class='ocrx_word' id='word_1_313' title='bbox 2318 2355 2540 2392; x_wconf 87' lang='lat' dir='ltr'>errorem.</span> 
     </span>
    </p>
   </div>
   <div class='ocr_carea' id='block_1_7' title="bbox 1016 2499 1810 2549">
    <p class='ocr_par' dir='ltr' id='par_1_7' title="bbox 1016 2499 1810 2549">
     <span class='ocr_line' id='line_1_29' title="bbox 1016 2499 1810 2549; baseline 0.004 -3"><span class='ocrx_word' id='word_1_314' title='bbox 1016 2499 1205 2546; x_wconf 85' lang='lat' dir='ltr'>Lincii</span> <span class='ocrx_word' id='word_1_315' title='bbox 1242 2501 1320 2546; x_wconf 88' lang='lat'>19.</span> <span class='ocrx_word' id='word_1_316' title='bbox 1358 2501 1630 2548; x_wconf 77' lang='lat' dir='ltr'>Novemb.</span> <span class='ocrx_word' id='word_1_317' title='bbox 1668 2502 1810 2549; x_wconf 82' lang='lat'>1621.</span> 
     </span>
    </p>
   </div>
   <div class='ocr_carea' id='block_1_8' title="bbox 277 2596 2540 3902">
    <p class='ocr_par' dir='ltr' id='par_1_8' title="bbox 277 2596 2540 3902">
     <span class='ocr_line' id='line_1_30' title="bbox 454 2596 2537 2667; baseline 0 -18"><span class='ocrx_word' id='word_1_318' title='bbox 454 2599 549 2649; x_wconf 91' lang='lat' dir='ltr'>Pro</span> <span class='ocrx_word' id='word_1_319' title='bbox 589 2600 887 2650; x_wconf 84' lang='lat' dir='ltr'>confectione</span> <span class='ocrx_word' id='word_1_320' title='bbox 928 2599 1248 2663; x_wconf 81' lang='lat' dir='ltr'>ephemeridis</span> <span class='ocrx_word' id='word_1_321' title='bbox 1288 2606 1594 2663; x_wconf 90' lang='lat' dir='ltr'>computetur</span> <span class='ocrx_word' id='word_1_322' title='bbox 1633 2600 1743 2650; x_wconf 89' lang='lat' dir='ltr'>dist.</span> <span class='ocrx_word' id='word_1_323' title='bbox 1774 2598 1844 2667; x_wconf 75' lang='lat' dir='ltr'>O</span> <span class='ocrx_word' id='word_1_324' title='bbox 1871 2601 1933 2649; x_wconf 85' lang='lat' dir='ltr'>ab</span> <span class='ocrx_word' id='word_1_325' title='bbox 1973 2615 2051 2664; x_wconf 85' lang='lat' dir='ltr'>ap.</span> <span class='ocrx_word' id='word_1_326' title='bbox 2091 2596 2159 2667; x_wconf 55' lang='lat' dir='ltr'>Q</span> <span class='ocrx_word' id='word_1_327' title='bbox 2200 2606 2254 2649; x_wconf 88' lang='lat' dir='ltr'>ut</span> <span class='ocrx_word' id='word_1_328' title='bbox 2286 2599 2537 2662; x_wconf 86' lang='lat' dir='ltr'>hactenus,</span> 
     </span>
     <span class='ocr_line' id='line_1_31' title="bbox 292 2671 2540 2739; baseline -0.001 -15"><span class='ocrx_word' id='word_1_329' title='bbox 292 2681 341 2725; x_wconf 84' lang='lat' dir='ltr'>et</span> <span class='ocrx_word' id='word_1_330' title='bbox 380 2687 581 2737; x_wconf 86' lang='lat' dir='ltr'>excerpe</span> <span class='ocrx_word' id='word_1_331' title='bbox 619 2673 962 2735; x_wconf 77' lang='lat' dir='ltr'>logarithmum</span> <span class='ocrx_word' id='word_1_332' title='bbox 1001 2681 1050 2721; x_wconf 92' lang='lat' dir='ltr'>et</span> <span class='ocrx_word' id='word_1_333' title='bbox 1088 2681 1342 2733; x_wconf 82' lang='lat' dir='ltr'>exsortem,</span> <span class='ocrx_word' id='word_1_334' title='bbox 1383 2682 1484 2722; x_wconf 92' lang='lat' dir='ltr'>tum</span> <span class='ocrx_word' id='word_1_335' title='bbox 1523 2671 1593 2739; x_wconf 55' lang='lat' dir='ltr'><em>Q</em></span> <span class='ocrx_word' id='word_1_336' title='bbox 1637 2689 1666 2723; x_wconf 89' lang='lat' dir='ltr'>a</span> <span class='ocrx_word' id='word_1_337' title='bbox 1711 2673 1772 2735; x_wconf 75' lang='grc' dir='ltr'>Θ</span> <span class='ocrx_word' id='word_1_338' title='bbox 1814 2680 1868 2721; x_wconf 91' lang='lat' dir='ltr'>ut</span> <span class='ocrx_word' id='word_1_339' title='bbox 1905 2673 2165 2732; x_wconf 85' lang='lat' dir='ltr'>hactenus,</span> <span class='ocrx_word' id='word_1_340' title='bbox 2206 2680 2252 2725; x_wconf 90' lang='lat' dir='ltr'>et</span> <span class='ocrx_word' id='word_1_341' title='bbox 2292 2689 2376 2737; x_wconf 89' lang='lat' dir='ltr'>per</span> <span class='ocrx_word' id='word_1_342' title='bbox 2414 2673 2540 2725; x_wconf 80' lang='lat' dir='ltr'>hanc</span> 
     </span>
     <span class='ocr_line' id='line_1_32' title="bbox 291 2745 2539 2806; baseline 0 -11"><span class='ocrx_word' id='word_1_343' title='bbox 291 2748 499 2795; x_wconf 86' lang='lat' dir='ltr'>variatio</span> <span class='ocrx_word' id='word_1_344' title='bbox 553 2762 611 2794; x_wconf 89' lang='lat' dir='ltr'>ex</span> <span class='ocrx_word' id='word_1_345' title='bbox 651 2761 740 2794; x_wconf 87' lang='lat' dir='ltr'>sua</span> <span class='ocrx_word' id='word_1_346' title='bbox 777 2746 962 2794; x_wconf 89' lang='lat' dir='ltr'>tabula.</span> <span class='ocrx_word' id='word_1_347' title='bbox 1038 2745 1156 2794; x_wconf 89' lang='lat' dir='ltr'>Inde</span> <span class='ocrx_word' id='word_1_348' title='bbox 1199 2746 1443 2794; x_wconf 85' lang='lat' dir='ltr'>auferatur</span> <span class='ocrx_word' id='word_1_349' title='bbox 1493 2746 1615 2794; x_wconf 85' lang='lat' dir='ltr'>haec</span> <span class='ocrx_word' id='word_1_350' title='bbox 1654 2747 1716 2794; x_wconf 89' lang='lat' dir='ltr'>ab</span> <span class='ocrx_word' id='word_1_351' title='bbox 1755 2745 1866 2806; x_wconf 89' lang='lat' dir='ltr'>illo,</span> <span class='ocrx_word' id='word_1_352' title='bbox 1919 2751 2069 2794; x_wconf 87' lang='lat' dir='ltr'>restat</span> <span class='ocrx_word' id='word_1_353' title='bbox 2106 2746 2352 2801; x_wconf 83' lang='lat' dir='ltr'>anomalia</span> <span class='ocrx_word' id='word_1_354' title='bbox 2390 2761 2539 2799; x_wconf 83' lang='lat' dir='ltr'>coae-</span> 
     </span>
     <span class='ocr_line' id='line_1_33' title="bbox 288 2816 2538 2886; baseline 0 -19"><span class='ocrx_word' id='word_1_355' title='bbox 288 2828 438 2882; x_wconf 85' lang='lat' dir='ltr'>quata</span> <span class='ocrx_word' id='word_1_356' title='bbox 476 2821 654 2883; x_wconf 89' lang='lat' dir='ltr'>primo,</span> <span class='ocrx_word' id='word_1_357' title='bbox 709 2833 816 2867; x_wconf 89' lang='lat' dir='ltr'>cum</span> <span class='ocrx_word' id='word_1_358' title='bbox 855 2818 946 2866; x_wconf 88' lang='lat' dir='ltr'>hac</span> <span class='ocrx_word' id='word_1_359' title='bbox 985 2833 1185 2882; x_wconf 86' lang='lat' dir='ltr'>excerpe</span> <span class='ocrx_word' id='word_1_360' title='bbox 1225 2833 1282 2867; x_wconf 88' lang='lat' dir='ltr'>ex</span> <span class='ocrx_word' id='word_1_361' title='bbox 1322 2834 1412 2867; x_wconf 87' lang='lat' dir='ltr'>sua</span> <span class='ocrx_word' id='word_1_362' title='bbox 1450 2818 1618 2867; x_wconf 88' lang='lat' dir='ltr'>tabula</span> <span class='ocrx_word' id='word_1_363' title='bbox 1670 2820 1984 2867; x_wconf 88' lang='lat' dir='ltr'>mutationem</span> <span class='ocrx_word' id='word_1_364' title='bbox 2026 2818 2134 2867; x_wconf 91' lang='lat' dir='ltr'>dist.</span> <span class='ocrx_word' id='word_1_365' title='bbox 2174 2816 2243 2886; x_wconf 56' lang='lat' dir='ltr'>Q</span> <span class='ocrx_word' id='word_1_366' title='bbox 2283 2835 2313 2868; x_wconf 87' lang='lat' dir='ltr'>a</span> <span class='ocrx_word' id='word_1_367' title='bbox 2351 2818 2415 2883; x_wconf 68' lang='grc' dir='ltr'>Θ</span> <span class='ocrx_word' id='word_1_368' title='bbox 2454 2834 2538 2883; x_wconf 87' lang='lat' dir='ltr'>pro</span> 
     </span>
     <span class='ocr_line' id='line_1_34' title="bbox 283 2891 2536 2956; baseline -0.001 -15"><span class='ocrx_word' id='word_1_369' title='bbox 283 2900 569 2955; x_wconf 87' lang='lat' dir='ltr'>argumento</span> <span class='ocrx_word' id='word_1_370' title='bbox 608 2900 871 2951; x_wconf 90' lang='lat' dir='ltr'>menstruo,</span> <span class='ocrx_word' id='word_1_371' title='bbox 912 2898 1072 2939; x_wconf 88' lang='lat' dir='ltr'>sumto</span> <span class='ocrx_word' id='word_1_372' title='bbox 1113 2891 1313 2940; x_wconf 89' lang='lat' dir='ltr'>dimidio</span> <span class='ocrx_word' id='word_1_373' title='bbox 1355 2891 1666 2941; x_wconf 83' lang='lat' dir='ltr'>differentiae.</span> <span class='ocrx_word' id='word_1_374' title='bbox 1741 2891 1859 2939; x_wconf 90' lang='lat' dir='ltr'>Cum</span> <span class='ocrx_word' id='word_1_375' title='bbox 1901 2898 2184 2954; x_wconf 86' lang='lat' dir='ltr'>argumento</span> <span class='ocrx_word' id='word_1_376' title='bbox 2225 2907 2423 2956; x_wconf 89' lang='lat' dir='ltr'>excerpe</span> <span class='ocrx_word' id='word_1_377' title='bbox 2461 2892 2536 2939; x_wconf 92' lang='lat' dir='ltr'>lo-</span> 
     </span>
     <span class='ocr_line' id='line_1_35' title="bbox 284 2963 2536 3028; baseline -0.001 -14"><span class='ocrx_word' id='word_1_378' title='bbox 284 2966 593 3028; x_wconf 85' lang='lat' dir='ltr'>garithmum.</span> <span class='ocrx_word' id='word_1_379' title='bbox 672 2965 784 3013; x_wconf 92' lang='lat' dir='ltr'>Duo</span> <span class='ocrx_word' id='word_1_380' title='bbox 823 2965 1101 3026; x_wconf 84' lang='lat' dir='ltr'>logaritbmi</span> <span class='ocrx_word' id='word_1_381' title='bbox 1153 2966 1277 3012; x_wconf 89' lang='lat' dir='ltr'>inter</span> <span class='ocrx_word' id='word_1_382' title='bbox 1313 2979 1365 3012; x_wconf 86' lang='lat' dir='ltr'>se</span> <span class='ocrx_word' id='word_1_383' title='bbox 1405 2963 1557 3011; x_wconf 91' lang='lat' dir='ltr'>additi</span> <span class='ocrx_word' id='word_1_384' title='bbox 1597 2963 1810 3012; x_wconf 78' lang='lat' dir='ltr'>efficiunt</span> <span class='ocrx_word' id='word_1_385' title='bbox 1848 2964 2191 3026; x_wconf 86' lang='lat' dir='ltr'>logarithmum</span> <span class='ocrx_word' id='word_1_386' title='bbox 2232 2967 2536 3028; x_wconf 87' lang='lat' dir='ltr'>aequationis</span> 
     </span>
     <span class='ocr_line' id='line_1_36' title="bbox 284 3035 2537 3100; baseline 0 -14"><span class='ocrx_word' id='word_1_387' title='bbox 284 3046 558 3087; x_wconf 88' lang='lat' dir='ltr'>menstruae</span> <span class='ocrx_word' id='word_1_388' title='bbox 597 3040 645 3085; x_wconf 92' lang='lat' dir='ltr'>in</span> <span class='ocrx_word' id='word_1_389' title='bbox 685 3052 752 3086; x_wconf 90' lang='lat' dir='ltr'>sc.</span> <span class='ocrx_word' id='word_1_390' title='bbox 793 3044 841 3085; x_wconf 91' lang='lat' dir='ltr'>et</span> <span class='ocrx_word' id='word_1_391' title='bbox 880 3051 949 3100; x_wconf 88' lang='lat' dir='ltr'>gr.</span> <span class='ocrx_word' id='word_1_392' title='bbox 990 3036 1264 3085; x_wconf 86' lang='lat' dir='ltr'>anomaliae</span> <span class='ocrx_word' id='word_1_393' title='bbox 1303 3035 1519 3096; x_wconf 89' lang='lat' dir='ltr'>mediae,</span> <span class='ocrx_word' id='word_1_394' title='bbox 1573 3038 1651 3084; x_wconf 90' lang='lat' dir='ltr'>cui</span> <span class='ocrx_word' id='word_1_395' title='bbox 1688 3036 1814 3085; x_wconf 89' lang='lat' dir='ltr'>adde</span> <span class='ocrx_word' id='word_1_396' title='bbox 1845 3036 2139 3100; x_wconf 84' lang='lat' dir='ltr'>particulam</span> <span class='ocrx_word' id='word_1_397' title='bbox 2179 3046 2416 3087; x_wconf 88' lang='lat' dir='ltr'>exsortem</span> <span class='ocrx_word' id='word_1_398' title='bbox 2459 3037 2537 3086; x_wconf 86' lang='lat' dir='ltr'>vel</span> 
     </span>
     <span class='ocr_line' id='line_1_37' title="bbox 282 3108 2536 3168; baseline 0 -9"><span class='ocrx_word' id='word_1_399' title='bbox 282 3113 431 3160; x_wconf 84' lang='lat' dir='ltr'>aufer.</span> <span class='ocrx_word' id='word_1_400' title='bbox 509 3111 786 3159; x_wconf 86' lang='lat' dir='ltr'>Praestaret</span> <span class='ocrx_word' id='word_1_401' title='bbox 823 3109 908 3158; x_wconf 89' lang='lat' dir='ltr'>illa</span> <span class='ocrx_word' id='word_1_402' title='bbox 947 3110 1162 3158; x_wconf 89' lang='lat' dir='ltr'>exhiberi</span> <span class='ocrx_word' id='word_1_403' title='bbox 1203 3111 1251 3156; x_wconf 92' lang='lat' dir='ltr'>in</span> <span class='ocrx_word' id='word_1_404' title='bbox 1292 3124 1357 3159; x_wconf 91' lang='lat' dir='ltr'>sc.</span> <span class='ocrx_word' id='word_1_405' title='bbox 1396 3115 1445 3158; x_wconf 87' lang='lat' dir='ltr'>et</span> <span class='ocrx_word' id='word_1_406' title='bbox 1480 3108 1640 3168; x_wconf 86' lang='lat' dir='ltr'>horis,</span> <span class='ocrx_word' id='word_1_407' title='bbox 1693 3109 1780 3161; x_wconf 88' lang='lat' dir='ltr'>sed</span> <span class='ocrx_word' id='word_1_408' title='bbox 1829 3110 2014 3158; x_wconf 89' lang='lat' dir='ltr'>tabella</span> <span class='ocrx_word' id='word_1_409' title='bbox 2050 3112 2097 3157; x_wconf 91' lang='lat' dir='ltr'>in</span> <span class='ocrx_word' id='word_1_410' title='bbox 2151 3111 2310 3160; x_wconf 93' lang='lat' dir='ltr'>medio</span> <span class='ocrx_word' id='word_1_411' title='bbox 2348 3110 2536 3160; x_wconf 79' lang='lat' dir='ltr'>rotulae</span> 
     </span>
     <span class='ocr_line' id='line_1_38' title="bbox 277 3181 2530 3247; baseline 0.001 -15"><span class='ocrx_word' id='word_1_412' title='bbox 277 3184 382 3247; x_wconf 84' lang='lat' dir='ltr'>jam</span> <span class='ocrx_word' id='word_1_413' title='bbox 423 3190 496 3233; x_wconf 89' lang='lat' dir='ltr'>est</span> <span class='ocrx_word' id='word_1_414' title='bbox 534 3185 678 3233; x_wconf 82' lang='lat' dir='ltr'>saeta.</span> <span class='ocrx_word' id='word_1_415' title='bbox 754 3184 816 3231; x_wconf 92' lang='lat' dir='ltr'>Et</span> <span class='ocrx_word' id='word_1_416' title='bbox 859 3182 951 3232; x_wconf 87' lang='lat'>13⁰</span> <span class='ocrx_word' id='word_1_417' title='bbox 989 3185 1039 3232; x_wconf 82' lang='lat'>3¹</span> <span class='ocrx_word' id='word_1_418' title='bbox 1081 3185 1183 3232; x_wconf 79' lang='lat'><strong><em>54¹¹</em></strong></span> <span class='ocrx_word' id='word_1_419' title='bbox 1225 3182 1389 3231; x_wconf 87' lang='lat' dir='ltr'>valent</span> <span class='ocrx_word' id='word_1_420' title='bbox 1438 3182 1583 3230; x_wconf 91' lang='lat' dir='ltr'>horas</span> <span class='ocrx_word' id='word_1_421' title='bbox 1623 3187 1706 3241; x_wconf 77' lang='lat'>24,</span> <span class='ocrx_word' id='word_1_422' title='bbox 1747 3181 1825 3230; x_wconf 91' lang='lat' dir='ltr'>vel</span> <span class='ocrx_word' id='word_1_423' title='bbox 1867 3182 1950 3232; x_wconf 80' lang='lat'>32¹</span> <span class='ocrx_word' id='word_1_424' title='bbox 1994 3182 2094 3232; x_wconf 84' lang='lat'><em>40¹¹</em></span> <span class='ocrx_word' id='word_1_425' title='bbox 2133 3183 2298 3233; x_wconf 86' lang='lat' dir='ltr'>valent</span> <span class='ocrx_word' id='word_1_426' title='bbox 2346 3183 2530 3234; x_wconf 83' lang='lat' dir='ltr'>horam.</span> 
     </span>
     <span class='ocr_line' id='line_1_39' title="bbox 283 3254 2532 3321; baseline 0 -16"><span class='ocrx_word' id='word_1_427' title='bbox 283 3258 346 3305; x_wconf 86' lang='lat' dir='ltr'>Et</span> <span class='ocrx_word' id='word_1_428' title='bbox 383 3259 500 3321; x_wconf 90' lang='lat' dir='ltr'>quia</span> <span class='ocrx_word' id='word_1_429' title='bbox 538 3263 757 3321; x_wconf 87' lang='lat' dir='ltr'>superest</span> <span class='ocrx_word' id='word_1_430' title='bbox 804 3258 1021 3319; x_wconf 89' lang='lat' dir='ltr'>operatio</span> <span class='ocrx_word' id='word_1_431' title='bbox 1072 3255 1366 3304; x_wconf 88' lang='lat' dir='ltr'>reductionis</span> <span class='ocrx_word' id='word_1_432' title='bbox 1405 3254 1467 3302; x_wconf 89' lang='lat' dir='ltr'>ad</span> <span class='ocrx_word' id='word_1_433' title='bbox 1505 3254 1781 3314; x_wconf 89' lang='lat' dir='ltr'>meridiem,</span> <span class='ocrx_word' id='word_1_434' title='bbox 1837 3257 2029 3304; x_wconf 88' lang='lat' dir='ltr'>etiamsi</span> <span class='ocrx_word' id='word_1_435' title='bbox 2075 3256 2334 3306; x_wconf 87' lang='lat' dir='ltr'>haberetur</span> <span class='ocrx_word' id='word_1_436' title='bbox 2369 3257 2532 3305; x_wconf 85' lang='lat' dir='ltr'>statim</span> 
     </span>
     <span class='ocr_line' id='line_1_40' title="bbox 281 3324 2533 3394; baseline -0 -17"><span class='ocrx_word' id='word_1_437' title='bbox 281 3330 402 3378; x_wconf 87' lang='lat' dir='ltr'>hora</span> <span class='ocrx_word' id='word_1_438' title='bbox 441 3346 499 3379; x_wconf 87' lang='lat' dir='ltr'>ex</span> <span class='ocrx_word' id='word_1_439' title='bbox 539 3330 733 3388; x_wconf 87' lang='lat' dir='ltr'>tabella,</span> <span class='ocrx_word' id='word_1_440' title='bbox 774 3329 884 3378; x_wconf 89' lang='lat' dir='ltr'>ideo</span> <span class='ocrx_word' id='word_1_441' title='bbox 924 3332 993 3377; x_wconf 91' lang='lat' dir='ltr'>sic</span> <span class='ocrx_word' id='word_1_442' title='bbox 1032 3328 1500 3390; x_wconf 83' lang='lat' dir='ltr'>argumentabimur:</span> <span class='ocrx_word' id='word_1_443' title='bbox 1569 3324 1660 3376; x_wconf 91' lang='grc'>130</span> <span class='ocrx_word' id='word_1_444' title='bbox 1698 3331 1747 3377; x_wconf 87' lang='lat'>3‘</span> <span class='ocrx_word' id='word_1_445' title='bbox 1788 3331 1891 3377; x_wconf 69' lang='lat'>541‘</span> <span class='ocrx_word' id='word_1_446' title='bbox 1930 3328 2015 3377; x_wconf 87' lang='lat' dir='ltr'>dat</span> <span class='ocrx_word' id='word_1_447' title='bbox 2053 3328 2272 3378; x_wconf 90' lang='lat' dir='ltr'>diurnum</span> <span class='ocrx_word' id='word_1_448' title='bbox 2300 3344 2533 3394; x_wconf 72' lang='lat' dir='ltr'>praesen-</span> 
     </span>
     <span class='ocr_line' id='line_1_41' title="bbox 284 3400 2530 3466; baseline 0 -16"><span class='ocrx_word' id='word_1_449' title='bbox 284 3408 411 3461; x_wconf 81' lang='lat' dir='ltr'>tem,</span> <span class='ocrx_word' id='word_1_450' title='bbox 467 3403 584 3465; x_wconf 90' lang='lat' dir='ltr'>quid</span> <span class='ocrx_word' id='word_1_451' title='bbox 638 3405 956 3465; x_wconf 90' lang='lat' dir='ltr'>compositum</span> <span class='ocrx_word' id='word_1_452' title='bbox 1004 3401 1271 3466; x_wconf 77' lang='lat' dir='ltr'>praesens?</span> <span class='ocrx_word' id='word_1_453' title='bbox 1318 3400 1463 3463; x_wconf 87' lang='lat' dir='ltr'>(Log.</span> <span class='ocrx_word' id='word_1_454' title='bbox 1507 3404 1679 3448; x_wconf 89' lang='grc'>60800</span> <span class='ocrx_word' id='word_1_455' title='bbox 1719 3401 2018 3465; x_wconf 86' lang='lat' dir='ltr'>perpetuus.)</span> <span class='ocrx_word' id='word_1_456' title='bbox 2058 3430 2130 3439; x_wconf 93' lang='lat'>—-</span> <span class='ocrx_word' id='word_1_457' title='bbox 2166 3402 2276 3451; x_wconf 91' lang='lat' dir='ltr'>Hoc</span> <span class='ocrx_word' id='word_1_458' title='bbox 2315 3417 2400 3466; x_wconf 86' lang='lat' dir='ltr'>pro</span> <span class='ocrx_word' id='word_1_459' title='bbox 2440 3416 2530 3450; x_wconf 92' lang='lat' dir='ltr'>usu</span> 
     </span>
     <span class='ocr_line' id='line_1_42' title="bbox 286 3471 2532 3536; baseline 0 -14"><span class='ocrx_word' id='word_1_460' title='bbox 286 3476 490 3536; x_wconf 84' lang='lat' dir='ltr'>rotulae,</span> <span class='ocrx_word' id='word_1_461' title='bbox 533 3476 687 3524; x_wconf 90' lang='lat' dir='ltr'>donec</span> <span class='ocrx_word' id='word_1_462' title='bbox 725 3476 772 3521; x_wconf 90' lang='lat' dir='ltr'>in</span> <span class='ocrx_word' id='word_1_463' title='bbox 812 3486 871 3524; x_wconf 86' lang='lat' dir='ltr'>ea</span> <span class='ocrx_word' id='word_1_464' title='bbox 909 3474 1182 3523; x_wconf 87' lang='lat' dir='ltr'>anomaliae</span> <span class='ocrx_word' id='word_1_465' title='bbox 1220 3474 1412 3522; x_wconf 89' lang='lat' dir='ltr'>mediae</span> <span class='ocrx_word' id='word_1_466' title='bbox 1450 3471 1630 3535; x_wconf 86' lang='lat' dir='ltr'>gradus</span> <span class='ocrx_word' id='word_1_467' title='bbox 1668 3479 1716 3520; x_wconf 90' lang='lat' dir='ltr'>et</span> <span class='ocrx_word' id='word_1_468' title='bbox 1752 3477 1940 3524; x_wconf 89' lang='lat' dir='ltr'>minuta</span> <span class='ocrx_word' id='word_1_469' title='bbox 1977 3475 2025 3521; x_wconf 90' lang='lat' dir='ltr'>in</span> <span class='ocrx_word' id='word_1_470' title='bbox 2063 3474 2352 3534; x_wconf 90' lang='lat' dir='ltr'>meditullio,</span> <span class='ocrx_word' id='word_1_471' title='bbox 2392 3481 2447 3523; x_wconf 88' lang='lat' dir='ltr'>ut</span> <span class='ocrx_word' id='word_1_472' title='bbox 2483 3479 2532 3523; x_wconf 85' lang='lat' dir='ltr'>et</span> 
     </span>
     <span class='ocr_line' id='line_1_43' title="bbox 283 3545 2527 3612; baseline 0 -19"><span class='ocrx_word' id='word_1_473' title='bbox 283 3549 330 3594; x_wconf 94' lang='lat' dir='ltr'>in</span> <span class='ocrx_word' id='word_1_474' title='bbox 385 3549 621 3612; x_wconf 87' lang='lat' dir='ltr'>particula</span> <span class='ocrx_word' id='word_1_475' title='bbox 673 3555 889 3604; x_wconf 85' lang='lat' dir='ltr'>exsorte‚</span> <span class='ocrx_word' id='word_1_476' title='bbox 941 3555 1184 3596; x_wconf 91' lang='lat' dir='ltr'>mutentur</span> <span class='ocrx_word' id='word_1_477' title='bbox 1228 3549 1276 3594; x_wconf 89' lang='lat' dir='ltr'>in</span> <span class='ocrx_word' id='word_1_478' title='bbox 1330 3546 1474 3594; x_wconf 89' lang='lat' dir='ltr'>horas</span> <span class='ocrx_word' id='word_1_479' title='bbox 1527 3551 1575 3594; x_wconf 90' lang='lat' dir='ltr'>et</span> <span class='ocrx_word' id='word_1_480' title='bbox 1619 3548 1860 3609; x_wconf 85' lang='lat' dir='ltr'>scrupula.</span> <span class='ocrx_word' id='word_1_481' title='bbox 1947 3547 2062 3596; x_wconf 88' lang='lat' dir='ltr'>Sine</span> <span class='ocrx_word' id='word_1_482' title='bbox 2106 3547 2269 3596; x_wconf 88' lang='lat' dir='ltr'>rotula</span> <span class='ocrx_word' id='word_1_483' title='bbox 2314 3549 2355 3595; x_wconf 89' lang='lat' dir='ltr'>si</span> <span class='ocrx_word' id='word_1_484' title='bbox 2403 3545 2527 3596; x_wconf 83' lang='lat' dir='ltr'>velis</span> 
     </span>
     <span class='ocr_line' id='line_1_44' title="bbox 284 3619 2535 3684; baseline -0 -17"><span class='ocrx_word' id='word_1_485' title='bbox 284 3623 484 3682; x_wconf 87' lang='lat' dir='ltr'>operari,</span> <span class='ocrx_word' id='word_1_486' title='bbox 525 3629 654 3670; x_wconf 89' lang='lat' dir='ltr'>strue</span> <span class='ocrx_word' id='word_1_487' title='bbox 684 3626 712 3668; x_wconf 82' lang='lat'>2</span> <span class='ocrx_word' id='word_1_488' title='bbox 742 3620 964 3681; x_wconf 77' lang='lat' dir='ltr'>tabellaS,</span> <span class='ocrx_word' id='word_1_489' title='bbox 1004 3621 1205 3668; x_wconf 90' lang='lat' dir='ltr'>alteram</span> <span class='ocrx_word' id='word_1_490' title='bbox 1239 3619 1504 3684; x_wconf 88' lang='lat' dir='ltr'>particulae</span> <span class='ocrx_word' id='word_1_491' title='bbox 1531 3620 1731 3668; x_wconf 82' lang='lat' dir='ltr'>exsortis</span> <span class='ocrx_word' id='word_1_492' title='bbox 1768 3621 1816 3667; x_wconf 91' lang='lat' dir='ltr'>in</span> <span class='ocrx_word' id='word_1_493' title='bbox 1854 3620 2003 3668; x_wconf 89' lang='lat' dir='ltr'>horae</span> <span class='ocrx_word' id='word_1_494' title='bbox 2031 3621 2228 3668; x_wconf 88' lang='lat' dir='ltr'>minutis</span> <span class='ocrx_word' id='word_1_495' title='bbox 2266 3625 2315 3669; x_wconf 88' lang='lat' dir='ltr'>et</span> <span class='ocrx_word' id='word_1_496' title='bbox 2350 3633 2535 3669; x_wconf 67' lang='lat' dir='ltr'>secun-⁴</span> 
     </span>
     <span class='ocr_line' id='line_1_45' title="bbox 283 3689 2525 3758; baseline 0 -20"><span class='ocrx_word' id='word_1_497' title='bbox 283 3691 355 3739; x_wconf 90' lang='lat' dir='ltr'>dis</span> <span class='ocrx_word' id='word_1_498' title='bbox 394 3694 455 3741; x_wconf 90' lang='lat' dir='ltr'>ad</span> <span class='ocrx_word' id='word_1_499' title='bbox 493 3694 710 3756; x_wconf 86' lang='lat' dir='ltr'>singulos</span> <span class='ocrx_word' id='word_1_500' title='bbox 749 3692 926 3755; x_wconf 89' lang='lat' dir='ltr'>gradus</span> <span class='ocrx_word' id='word_1_501' title='bbox 966 3692 1225 3742; x_wconf 87' lang='lat' dir='ltr'>distantiae</span> <span class='ocrx_word' id='word_1_502' title='bbox 1263 3689 1332 3758; x_wconf 56' lang='lat' dir='ltr'>Q</span> <span class='ocrx_word' id='word_1_503' title='bbox 1361 3709 1391 3742; x_wconf 87' lang='lat' dir='ltr'>a</span> <span class='ocrx_word' id='word_1_504' title='bbox 1423 3692 1510 3754; x_wconf 74' lang='lat' dir='ltr'>G),</span> <span class='ocrx_word' id='word_1_505' title='bbox 1549 3691 1750 3740; x_wconf 82' lang='lat' dir='ltr'>alteram</span> <span class='ocrx_word' id='word_1_506' title='bbox 1790 3691 1968 3741; x_wconf 85' lang='lat' dir='ltr'>valoris</span> <span class='ocrx_word' id='word_1_507' title='bbox 2006 3691 2281 3755; x_wconf 82' lang='lat' dir='ltr'>logaritbmi</span> <span class='ocrx_word' id='word_1_508' title='bbox 2320 3693 2382 3741; x_wconf 86' lang='lat' dir='ltr'>ad</span> <span class='ocrx_word' id='word_1_509' title='bbox 2423 3693 2525 3740; x_wconf 90' lang='lat' dir='ltr'>sin-</span> 
     </span>
     <span class='ocr_line' id='line_1_46' title="bbox 282 3762 2524 3829; baseline 0.001 -19"><span class='ocrx_word' id='word_1_510' title='bbox 282 3765 398 3825; x_wconf 86' lang='lat' dir='ltr'>gula</span> <span class='ocrx_word' id='word_1_511' title='bbox 435 3768 620 3814; x_wconf 86' lang='lat' dir='ltr'>minuta</span> <span class='ocrx_word' id='word_1_512' title='bbox 671 3766 820 3814; x_wconf 85' lang='lat' dir='ltr'>horae</span> <span class='ocrx_word' id='word_1_513' title='bbox 868 3767 1173 3829; x_wconf 88' lang='lat' dir='ltr'>aequationis</span> <span class='ocrx_word' id='word_1_514' title='bbox 1219 3771 1510 3814; x_wconf 82' lang='lat' dir='ltr'>menstruae.</span> <span class='ocrx_word' id='word_1_515' title='bbox 1573 3763 1696 3812; x_wconf 88' lang='lat' dir='ltr'>Nam</span> <span class='ocrx_word' id='word_1_516' title='bbox 1734 3767 1776 3812; x_wconf 90' lang='lat' dir='ltr'>si</span> <span class='ocrx_word' id='word_1_517' title='bbox 1807 3771 1886 3815; x_wconf 88' lang='lat'>13.</span> <span class='ocrx_word' id='word_1_518' title='bbox 1916 3770 1964 3816; x_wconf 85' lang='lat'>3.</span> <span class='ocrx_word' id='word_1_519' title='bbox 1996 3770 2061 3816; x_wconf 86' lang='lat'>54</span> <span class='ocrx_word' id='word_1_520' title='bbox 2091 3764 2256 3819; x_wconf 85' lang='lat' dir='ltr'>valent</span> <span class='ocrx_word' id='word_1_521' title='bbox 2283 3769 2366 3827; x_wconf 80' lang='lat'>24,</span> <span class='ocrx_word' id='word_1_522' title='bbox 2406 3762 2524 3829; x_wconf 83' lang='lat' dir='ltr'>quid</span> 
     </span>
     <span class='ocr_line' id='line_1_47' title="bbox 286 3837 1772 3902; baseline 0 -14"><span class='ocrx_word' id='word_1_523' title='bbox 286 3841 333 3890; x_wconf 76' lang='lat'>2.</span> <span class='ocrx_word' id='word_1_524' title='bbox 375 3837 481 3888; x_wconf 79' lang='lat'>30‘?</span> <span class='ocrx_word' id='word_1_525' title='bbox 559 3838 843 3902; x_wconf 77' lang='lat' dir='ltr'>colligimus</span> <span class='ocrx_word' id='word_1_526' title='bbox 880 3839 1024 3889; x_wconf 89' lang='lat' dir='ltr'>horas</span> <span class='ocrx_word' id='word_1_527' title='bbox 1065 3844 1112 3890; x_wconf 88' lang='lat'>4.</span> <span class='ocrx_word' id='word_1_528' title='bbox 1155 3843 1238 3901; x_wconf 88' lang='grc'>36,</span> <span class='ocrx_word' id='word_1_529' title='bbox 1277 3841 1462 3888; x_wconf 83' lang='lat' dir='ltr'>minuta</span> <span class='ocrx_word' id='word_1_530' title='bbox 1497 3850 1610 3901; x_wconf 87' lang='lat' dir='ltr'>ergo</span> <span class='ocrx_word' id='word_1_531' title='bbox 1651 3842 1772 3888; x_wconf 83' lang='lat'>276.</span> 
     </span>
    </p>
   </div>
   <div class='ocr_carea' id='block_1_9' title="bbox 2613 3102 2652 4088">
    <p class='ocr_par' dir='ltr' id='par_1_9' title="bbox 2613 3102 2652 4088">
     <span class='ocr_line' id='line_1_48' title="bbox 2613 3102 2652 4088; baseline 0 0"><span class='ocrx_word' id='word_1_532' title='bbox 2613 3102 2652 4088; x_wconf 95' lang='lat' dir='ltr'> </span> 
     </span>
    </p>
   </div>
  </div>
 </body>
</html>
