2652 4088
303 174 407 235 188
898 177 1183 226 Collectanea
1213 191 1270 225 ex
1303 178 1532 227 codicibus
1563 178 1957 225 Pulkoviensibus.

303 329 424 379 alias
477 326 558 377 fiet
609 327 832 378 mutilum
880 345 939 379 ex
978 330 1360 394 obliquangulo,
1413 330 1708 393 triangulum
1755 345 1815 379 ex
1865 326 2164 391 rectanguIO.
2239 329 2551 394 Acutangula
2636 298 2652 370 ⁶]

302 402 479 451 similia
531 402 830 451 acutioribus
882 405 1156 464 commissa,
1208 404 1427 467 potentia
1482 403 1610 452 idem
1662 410 1797 462 sunt,
1851 401 1982 464 quod
2029 408 2284 464 generata,
2336 405 2552 466 trapezia
2644 463 2646 467 y

301 481 463 523 tamen
502 479 631 525 sunt.
707 474 850 523 Talia
887 478 983 524 sint
1022 478 1199 538 omnia,
1241 491 1367 539 quae
1407 476 1632 525 videntur
1671 477 1860 524 duobus
1900 477 2216 536 aequicruriis
2257 482 2492 526 constare.

471 545 587 594 Tria
625 548 870 610 triangula
907 548 1121 598 efficiunt
1160 550 1596 612 quinquangulum,
1637 555 1847 611 quatuor
1885 548 2204 610 sexangulum
2243 555 2337 600 etc.

473 617 529 666 In
574 620 777 681 singulis
828 623 1082 684 speciebus
1135 625 1330 671 unicum
1383 622 1553 671 saltem
1591 622 1812 684 regulare
1864 628 1952 671 est.
2022 625 2149 680 (Nota
2189 629 2235 666 in
2276 640 2401 677 marg.
2465 626 2550 670 Hic

233 699 239 707 ·
301 686 498 732 maxima
537 687 779 747 dubitatio,
827 692 1101 736 sumendane
1140 692 1364 747 regularia
1403 704 1460 734 an
1492 691 1726 735 docenda?
1779 691 1827 734 Si
1865 689 2091 745 docenda,
2134 689 2245 734 nihil
2284 690 2330 733 in
2361 690 2552 735 Euclide

298 753 467 809 poterit
506 753 762 812 immutari.)
822 753 1018 814 Regula
1056 754 1115 803 de
1154 755 1374 817 angulis:
1415 755 1490 802 bis
1528 754 1728 802 totidem
1766 758 1924 800 rectos
1964 759 2083 814 quot
2121 752 2392 813 triangula,
2430 756 2551 801 toti·
2642 799 2645 802 ,

301 821 409 870 dem
448 824 690 886 triangula
740 832 859 888 quot
905 826 1083 887 latera,
1135 828 1326 876 duobus
1364 829 1538 876 minus.
1578 855 1649 862 -
1686 825 2011 891 (Angulorum
2057 825 2319 888 figurarum
2357 825 2554 889 regula-

302 897 423 944 rium
464 898 753 959 quantitas.)
829 899 1082 948 Habemus
1119 901 1269 964 plana
1306 906 1455 949 recta.
1532 899 1763 961 Sequitur
1799 900 2018 946 mixtum.

472 969 707 1019 Planities
755 974 804 1019 in
852 972 1157 1035 sphaericum
1206 974 1425 1021 immissa
1476 972 1621 1020 simul
1660 974 1708 1018 iu
1748 971 2001 1034 sphaerico
2054 970 2231 1020 lineam
2271 968 2577 1020 circularem'
2644 966 2652 1000 -'

300 1040 536 1104 designat,
576 1043 719 1092 simul
759 1061 788 1093 a
826 1046 1079 1108 sphaerico
1119 1049 1170 1095 in
1210 1046 1439 1096 circulum
1478 1051 1685 1094 secatur.
1748 1044 1967 1093 Cir-culus
2007 1044 2155 1093 habet
2194 1044 2553 1107 quodammodo

298 1114 586 1165 infinitatem
625 1123 672 1166 et
709 1118 936 1181 angulos.
1013 1119 1385 1169 Rotunditatem
1426 1135 1455 1168 a
1481 1119 1735 1182 sphaerico
1762 1117 2007 1166 circularis
2035 1117 2178 1175 linea,
2219 1117 2556 1167 rectitudinem
2646 1122 2651 1130 '

301 1203 330 1236 a
368 1188 516 1252 plano
556 1196 822 1242 mutuatur.
888 1192 1060 1256 Itaque
1100 1195 1263 1242 omnia
1288 1199 1470 1256 puncta
1507 1208 1537 1241 a
1574 1191 1734 1240 medio
1774 1190 2119 1253 aequidistant.
2182 1191 2236 1237 In
2279 1190 2557 1240 circularem

303 1262 592 1331 inscriptilia
631 1270 743 1312 sunt
774 1267 935 1314 omnia
960 1267 1219 1329 regularia,
1260 1269 1424 1315 omnia
1462 1265 1719 1327 triangula,
1761 1266 1924 1312 omnia
1950 1263 2403 1326 parallelogramma
2429 1272 2557 1313 rect-
2647 1326 2652 1331 ⁴

300 1335 495 1398 angula,
535 1336 722 1385 nullum
762 1338 1178 1402 obliquangulum,
1220 1354 1277 1389 ex
1318 1341 1490 1389 ceteris
1528 1338 1785 1400 quaedam,
1826 1336 2066 1399 quaedam
2105 1351 2217 1385 non.

470 1411 713 1468 (Dubium,
756 1427 813 1458 an
853 1413 1089 1460 dicendum
1132 1416 1357 1472 quomodo
1398 1429 1454 1461 ex
1492 1415 1631 1459 ductu
1671 1414 1901 1459 circularis
1933 1412 2251 1469 cylindriacum
2292 1413 2392 1467 fiat,
2433 1415 2555 1469 quod

300 1475 479 1532 quidem
509 1477 621 1520 nihil
652 1483 722 1522 est
751 1478 888 1535 aliud,
922 1493 1054 1535 quam
1086 1481 1448 1537 quadrangulum
1478 1480 1718 1533 inflexum;
1750 1492 1809 1523 an
1839 1479 1954 1524 haec
1982 1479 2100 1525 infra
2121 1494 2221 1525 cum
2243 1478 2443 1537 cylindro
2476 1493 2552 1523 ex·

298 1543 593 1600 plicandum‘?
643 1545 778 1599 Item,
822 1545 942 1590 linea
979 1546 1123 1590 altero
1165 1551 1335 1602 puncto
1367 1547 1481 1600 fixa,
1522 1545 1666 1589 altero
1698 1545 1743 1588 in
1774 1545 1941 1589 circulo
1973 1544 2298 1601 circumducta,
2345 1543 2552 1590 conicum

296 1609 451 1669 gignit,
483 1609 604 1667 quod
636 1610 817 1667 quidem
847 1611 959 1655 nihil
990 1610 1114 1655 aliud
1145 1616 1230 1668 est,
1262 1624 1396 1667 quam
1426 1624 1533 1668 pars
1565 1609 1721 1654 circuli
1752 1610 2015 1667 explicata.)

1112 1751 1195 1796 De
1235 1752 1368 1796 ortu
1404 1749 1742 1797 solidorum.

475 1846 646 1898 Solida
685 1861 736 1897 se
775 1848 959 1898 habent
997 1849 1059 1898 ad
1097 1849 1246 1913 plana
1285 1864 1434 1900 causa
1472 1852 1548 1898 sui
1589 1856 1736 1910 ortus,
1778 1856 1831 1898 ut
1869 1849 2016 1913 plana
2043 1850 2106 1900 ad
2133 1849 2302 1900 lineas.
2370 1848 2554 1898 Eadem

299 1921 464 1986 itaque
504 1927 787 1985 competunt
824 1922 995 1971 solidis
1035 1923 1329 1985 discrimina,
1370 1937 1496 1986 quae
1535 1923 1714 1987 planis.

474 1994 786 2059 Comparatio
825 1995 1061 2044 linearum
1103 2003 1150 2046 et
1189 1996 1462 2059 planorum.
1527 1997 1696 2057 Linea,
1739 1996 1892 2045 altero
1931 1997 2135 2045 termino
2176 2010 2320 2059 super
2357 1996 2555 2059 planum
2616 2048 2619 2051 ,

301 2072 475 2129 erecta,
516 2083 807 2131 quocunque
833 2068 979 2118 modo
1007 2072 1233 2133 erigatur,
1273 2084 1463 2133 semper
1488 2076 1561 2119 est
1599 2071 1745 2119 alicui
1785 2070 1942 2119 lineae
1980 2072 2028 2117 in
2068 2069 2153 2118 illo
2190 2070 2339 2133 plano
2372 2070 2558 2132 jacenti
2636 2094 2639 2098 ·

300 2141 730 2206 perpendicularis.
768 2180 777 2189 .

475 2214 531 2264 Si
569 2220 598 2265 2
637 2216 799 2264 lineae
840 2230 892 2264 se
931 2221 1101 2264 mutuo
1140 2223 1306 2267 secent
1345 2219 1392 2265 in
1434 2217 1581 2281 plano
1616 2217 1840 2279 jacentes
1880 2222 1927 2265 et
1964 2231 2110 2279 super
2148 2222 2403 2278 utramque
2442 2229 2557 2278 per-

300 2287 630 2351 pendicularis
670 2289 836 2352 aliqua
876 2291 925 2336 in
963 2295 1146 2353 puncto
1184 2292 1416 2340 sectionis
1454 2293 1692 2354 erigatur,
1733 2290 1820 2339 illa
1857 2291 1947 2339 erit
1984 2291 2073 2338 toti
2111 2289 2259 2353 plano
2296 2287 2560 2352 perpendi-

303 2361 497 2411 cularis.
2612 2362 2625 2370 ⁴

476 2434 784 2484 Combinatio
835 2436 1112 2499 planorum.
1190 2436 1436 2486 Parallela
1473 2437 1621 2500 plana
1658 2443 1794 2497 sunt,
1847 2436 2024 2499 quibus
2065 2434 2234 2484 eadem
2273 2441 2405 2483 recta
2442 2448 2555 2497 per·
2628 2437 2633 2470 ῑ

303 2506 680 2570 pendiculariter
732 2511 936 2571 insistit,
989 2513 1095 2560 sive
1146 2525 1271 2573 quae
1313 2516 1340 2559 3
1381 2512 1575 2574 punctis
1625 2524 1723 2559 non
1770 2512 1818 2557 in
1860 2509 2030 2558 eadem
2078 2514 2212 2557 recta
2250 2508 2312 2556 ab
2351 2509 2558 2556 invicem
2631 2510 2636 2519 '

302 2580 646 2643 aequidistant.

476 2653 533 2703 Si
565 2654 763 2717 planum
803 2655 1127 2718 quodcunque
1167 2654 1370 2704 ducatur
1410 2655 1555 2704 ductu
1594 2661 1726 2704 recto
1762 2653 2048 2718 parallelum
2097 2655 2251 2716 primo
2290 2654 2405 2702 situi
2442 2667 2557 2716 per-

303 2739 527 2786 manem,
569 2727 742 2776 dicitur
781 2731 931 2777 creari
969 2728 1192 2776 solidum.
1258 2728 1388 2790 Quot
1427 2735 1540 2776 sunt
1577 2730 1623 2775 in
1652 2728 1800 2791 plano
1826 2730 2079 2790 generanti
2117 2727 2286 2785 latera,
2326 2733 2400 2775 tot
2423 2740 2556 2775 nova

303 2798 425 2847 fiunt
460 2799 609 2862 plana
646 2801 1117 2864 parallelogramma.
1198 2799 1353 2850 Omne
1394 2808 1609 2849 creatum
1647 2801 1857 2848 solidum
1895 2800 1991 2848 duo
2031 2800 2180 2848 habet
2219 2799 2369 2862 plana
2407 2814 2554 2862 supra

303 2886 556 2921 numerum
595 2873 801 2924 laterum
836 2877 887 2922 in
924 2874 1072 2938 plano
1111 2880 1319 2936 creante,
1360 2875 1568 2937 angulos
1605 2874 1789 2922 solidos
1830 2875 1904 2922 bis
1944 2872 2172 2934 totidem,
2213 2872 2343 2936 quod
2382 2872 2554 2936 planos

302 2945 517 3009 planum.

478 3019 772 3084 Species:
812 3023 854 3070 si
883 3035 1050 3070 creans
1078 3020 1277 3083 planum
1302 3020 1396 3069 fuit
1421 3019 1945 3083 parallelogrammum,
1982 3019 2037 3068 fit
2073 3017 2555 3083 parallelepipedum‚
2603 3011 2606 3015 ’

814 3097 857 3142 si
897 3109 1064 3144 creans
1103 3093 1299 3156 planum
1339 3094 1430 3141 fuit
1469 3093 1774 3155 quadratum,
1815 3092 1868 3140 fit
1906 3094 2076 3142 cubus.

714 3164 996 3233 (CyboideS,
1036 3167 1267 3215 rhombus
1307 3166 1491 3214 solidus
1531 3166 1745 3225 cubicus,
1785 3165 2123 3228 pentae'dron.)

481 3238 762 3288 Ceterorum
803 3243 1013 3307 varietas
1053 3247 1126 3289 est
1163 3255 1193 3288 a
1230 3241 1466 3288 varietate
1505 3238 1759 3302 planorum
1799 3246 1846 3287 et
1883 3241 2120 3288 varietate
2160 3238 2484 3287 inclinationis
2510 3242 2558 3286 et
2649 3262 2652 3299 ,5

306 3311 626 3375 longitudinis
666 3313 930 3363 ductoriae.
1008 3313 1229 3375 Suntque
1269 3315 1455 3374 species
1495 3311 1727 3369 infinitae,
1768 3313 1817 3357 in
1857 3313 2034 3373 quibus
2071 3326 2260 3375 semper
2297 3311 2557 3374 perfectio-

309 3399 401 3445 reS,
442 3386 620 3447 quibus
658 3387 824 3435 insunt
862 3387 1012 3436 haec:
1059 3385 1106 3452 1)
1145 3386 1418 3448 aequalitas
1458 3385 1745 3446 angulomm
1782 3390 1829 3432 et
1855 3384 2059 3432 laterum
2098 3387 2146 3432 in
2186 3384 2347 3447 plano,
2390 3381 2441 3447 2)
2467 3397 2557 3432 ae·-

309 3456 443 3519 quali
482 3457 621 3506 lateri
661 3459 882 3509 ductoria
920 3462 1025 3508 sive
1050 3458 1274 3520 altitudo,
1316 3459 1369 3521 3)
1397 3459 1615 3506 ductoria
1638 3457 2066 3519 perpendicularis.
2132 3456 2359 3505 Omnium
2387 3457 2555 3504 ultima

310 3536 398 3590 est,
438 3533 478 3578 si
518 3531 718 3593 planum
757 3534 820 3580 sit
858 3532 1083 3582 circulus.
1148 3532 1338 3580 Ductus
1363 3531 1509 3579 ductu
1533 3536 1665 3578 recto
1704 3531 1860 3592 gignit
1888 3530 2172 3593 cylindrum,
2214 3531 2352 3592 cujus
2383 3543 2555 3591 super-

309 3601 441 3651 ficies
481 3603 722 3666 explicata
762 3606 960 3654 refertur
998 3607 1123 3653 inter
1158 3604 1614 3667 parallelogramma
1651 3604 1949 3663 rectangula.
2002 3602 2265 3666 (Obliquus
2302 3601 2553 3665 cylinder.)

486 3675 555 3724 Se
572 3682 724 3728 ctae.
790 3677 1043 3740 Quaedam
1082 3680 1152 3725 ita
1178 3683 1480 3737 exsecantur,
1520 3681 1574 3724 ut
1610 3675 1902 3737 reliquarum
1931 3678 2329 3738 compositionem
2363 3675 2552 3736 juvent,

312 3745 426 3795 inde
464 3747 562 3796 illis
598 3751 783 3811 priores
821 3757 947 3812 sunt,
990 3750 1232 3813 quaedam
1270 3755 1568 3808 exsecantur,
1610 3748 1694 3797 sed
1721 3750 1804 3808 ita,
1844 3755 1898 3796 ut
1923 3748 2075 3796 nihilo
2114 3750 2272 3796 minus
2297 3749 2395 3796 sint
2420 3762 2552 3795 com-

313 3820 520 3882 positae,
560 3836 686 3884 quae
723 3825 883 3876 verior
922 3830 995 3873 est
1034 3823 1319 3873 decurtatio.
1372 3822 1548 3872 Sectae
1585 3827 1713 3881 sunt,
1752 3822 1836 3870 ubi
1876 3822 1938 3870 ab
1977 3835 2075 3870 uno
2113 3827 2292 3884 puncto
2333 3818 2554 3868 verticali
2597 3828 2602 3846 ⁸
