2652 4088
333 150 440 212 112
1229 147 1376 195 Notae
1404 146 1449 195 J.
1479 144 1666 208 Kepleri

310 307 390 346 'ex
419 298 664 345 mutatione
708 301 1020 342 assumtorum.
1082 294 1373 353 Hipparchus
1412 294 1530 340 enim
1572 295 1709 341 nimio
1739 296 1914 341 Lunam
1943 299 2146 340 removet
2175 307 2204 339 a
2233 294 2400 348 Terra,
2441 296 2582 341 ceteri

333 366 553 420 castigato
585 363 673 406 hoc
703 361 801 417 ejus
831 361 1084 419 intervallo,
1114 363 1296 406 nimiam
1327 367 1479 406 tamen
1507 361 1745 419 indulgent
1773 361 1839 405 illi
1869 361 2150 418 diametrum,
2181 365 2234 406 ut
2262 361 2582 407 observationi-

330 431 415 475 bus
446 425 718 485 quotidianis
751 426 1060 470 demonstrare
1091 425 1270 470 obvium
1301 431 1384 471 est.

502 494 574 538 40.
604 492 702 536 Hoc
732 505 822 535 non
853 491 905 534 fit
937 492 1199 549 simpliciter
1239 492 1297 537 ob
1329 493 1618 549 parvitatem,
1658 491 1739 537 sed
1779 492 1835 536 ob
1866 492 2162 537 remotionem
2198 498 2374 538 tantam
2405 495 2451 536 et
2479 493 2584 550 quia

329 567 399 606 tot
431 559 523 604 suis
555 557 788 603 diametris
819 570 847 600 a
877 557 1018 600 Terra
1049 558 1199 612 distat,
1234 564 1346 615 quot
1376 559 1454 603 Sol
1484 559 1592 604 suis.
2163 579 2167 582 ·

501 624 570 668 41.
602 622 688 666 Hic
720 622 934 678 splendor
977 622 1185 667 inhaeret
1225 623 1270 666 in
1304 623 1560 668 substantia
1590 623 1787 670 aetheris
1819 623 1939 668 circa
1969 624 2141 681 Solem,
2184 630 2342 681 estque
2373 625 2486 670 alias
2515 625 2582 670 in-

327 693 511 744 tensior,
542 688 655 734 alias
683 688 921 741 remissior,
951 688 1177 733 interdum
1209 690 1376 735 nullus.
1436 691 1524 735 Hic
1555 704 1656 735 cum
1687 690 1840 746 adest,
1879 690 2012 735 etiam
2042 690 2190 734 lucem
2220 689 2582 746 crepuscularem

329 759 524 816 adjuvat,
557 755 827 799 diametrum
859 753 976 798 Solis
1008 767 1091 810 per
1121 755 1324 799 foramen
1356 756 1488 800 nimis
1519 756 1637 800 exile
1665 754 1910 799 intromissi
1941 755 2149 812 ampliat,
2181 757 2384 800 umbram
2415 755 2583 800 Terrae

327 824 566 879 contrahit,
598 834 746 866 moras
777 821 937 865 Lunae
967 821 1014 864 in
1043 822 1244 866 tenebris
1275 823 1435 879 vitiat,
1465 828 1511 866 et
1540 836 1641 866 cum
1670 822 1717 866 id
1748 821 1871 876 facit,
1903 820 2032 876 cujus
2062 821 2137 866 hic
2169 834 2195 864 a
2223 821 2365 866 Lucio
2395 833 2581 866 accusa·

326 902 414 949 tur,
445 890 561 936 ludit
591 894 874 933 astronomos
906 887 1042 932 etiam
1072 888 1192 932 circa
1222 888 1487 933 diametrum
1513 889 1684 944 Lunae,
1716 893 1767 931 ut
1789 892 1963 943 putent,
1995 886 2164 939 Solem,
2196 887 2333 932 etiam
2354 887 2431 931 ubi
2459 892 2583 931 totus

327 964 478 1008 tectus
509 961 590 1008 est,
623 952 790 999 circulo
821 953 1036 998 exteriori
1067 956 1296 1011 exporrigi
1326 956 1446 1000 ultra
1475 956 1632 999 Lunae
1663 967 1804 998 oram.

499 1023 571 1070 42.
602 1021 871 1066 Aristoteles
911 1020 1027 1064 libro
1058 1021 1116 1066 ΙΙ.
1157 1021 1212 1066 de
1245 1021 1380 1066 Coelo
1423 1034 1520 1077 cap.
1553 1020 1622 1065 13.
1660 1019 1818 1064 retulit
1854 1019 1942 1063 hoc
1980 1031 2037 1062 ex
2068 1017 2248 1075 placitis
2278 1017 2579 1075 Pythagorae,

325 1092 506 1138 minime
535 1101 642 1132 vero
681 1093 909 1142 tamquam
942 1100 997 1130 ex
1028 1087 1211 1143 propria
1241 1086 1480 1131 sententia.

498 1157 570 1201 43.
601 1154 725 1210 Ergo
757 1153 853 1197 vult
883 1153 1045 1202 dicere,
1074 1152 1207 1196 Luna
1237 1153 1364 1197 sidus
1395 1167 1484 1198 non
1517 1159 1598 1203 est
1630 1157 1779 1198 terrea
1809 1165 1914 1197 vero
1947 1158 2030 1197 est.

498 1222 570 1266 44.
606 1219 741 1275 Cupit
766 1217 917 1273 juvari
949 1218 1005 1263 ad
1029 1218 1420 1273 reminiscendum,
1452 1218 1560 1275 quid
1588 1218 1754 1263 inferre
1774 1218 2041 1264 volueritis?
2075 1218 2426 1264 Commonefacit
2446 1218 2582 1275 igitur

328 1287 600 1336 Plutarchus
629 1285 755 1330 illum
785 1283 896 1340 ejus,
931 1283 1054 1340 quod
1085 1285 1330 1330 exciderat.

500 1354 570 1399 45.
600 1351 777 1397 Lucius
801 1349 1102 1395 introducitur
1132 1351 1332 1395 moribus
1361 1351 1670 1409 professorum
1701 1351 1833 1409 artis,
1875 1351 2005 1395 valde
2037 1350 2230 1397 sollicite
2261 1350 2581 1420 inculcantium

327 1418 563 1478 discipulis
594 1418 817 1476 principia
847 1416 1295 1462 demonstrationum.

498 1485 570 1531 46.
600 1486 701 1530 Huc
730 1494 877 1540 usque
908 1483 1090 1528 Lucius
1154 1484 1256 1529 Jam
1288 1484 1463 1529 Theon.
1525 1483 1675 1528 Ironia
1708 1487 1798 1539 est,
1839 1496 1892 1528 ac
1924 1483 1961 1528 si
1996 1484 2184 1529 diceret:
2228 1483 2337 1540 quid
2367 1495 2482 1541 opus
2514 1485 2584 1526 est

326 1558 551 1614 apparatu
581 1549 1017 1595 demonstrationum
1047 1549 1094 1592 in
1126 1561 1175 1592 re
1206 1549 1479 1595 manifesta?

498 1618 569 1663 47.
600 1616 766 1661 Lucius
797 1627 974 1660 morose
1002 1614 1208 1659 inhaeret
1236 1615 1471 1672 proposito
1504 1614 1841 1660 demonstrandi
1870 1628 1966 1661 rem
1997 1630 2054 1662 ex
2085 1623 2197 1663 arte.

499 1684 569 1730 48.
602 1680 834 1738 Xylander
863 1694 946 1738 pro
979 1697 1120 1729 κοινος
1150 1679 1264 1736 legit
1294 1698 1430 1732 κωνος
1459 1687 1593 1726 recte.

498 1751 567 1796 49.
598 1747 824 1793 Promtior
852 1747 910 1792 ad
942 1746 1358 1801 demonstrandum,
1394 1760 1529 1803 quam
1560 1747 1670 1792 socii
1701 1748 1758 1793 ad
1790 1747 2077 1795 audiendum.

496 1817 568 1863 50.
602 1815 730 1859 Cave.
790 1813 907 1857 Nam
936 1826 986 1858 re
1014 1826 1122 1858 vera
1163 1813 1436 1858 contrarium
1474 1812 1657 1869 accidit,
1704 1813 1906 1869 quamvis
1947 1815 2035 1860 hoc
2072 1814 2130 1859 sit
2167 1813 2450 1871 inopinatum
2492 1823 2582 1856 non

324 1882 583 1930 exercitatis
613 1881 660 1924 in
692 1885 805 1924 arte.

497 1950 568 1995 51.
601 1948 927 1992 Antecessores
973 1947 1155 2003 quidem
1197 1946 1484 1991 indulserunt
1514 1947 1671 1991 Lunae
1714 1959 1933 1991 ascensus
1977 1952 2022 1991 et
2052 1945 2299 1992 descensus
2338 1946 2383 1990 in
2424 1943 2583 1991 umbra

325 2019 508 2072 Terrae,
539 2013 627 2058 hoc
658 2019 729 2058 est
759 2013 1025 2058 diametrum
1059 2015 1251 2073 epicycli
1274 2015 1346 2070 (ut
1368 2027 1467 2071 ego,
1495 2014 1897 2070 eccentricitatem)
1930 2012 2066 2070 duplo
2089 2012 2305 2069 majorem
2326 2011 2418 2067 illa,
2451 2023 2583 2068 quam

323 2096 407 2142 ego
440 2080 567 2127 elicio
598 2093 655 2125 ex
687 2079 834 2124 causis
865 2079 1079 2137 physicis,
1112 2093 1164 2125 ac
1194 2079 1384 2137 proinde
1414 2080 1688 2136 trajectuum
1719 2079 2021 2135 inaequalitas
2052 2079 2244 2136 amplius
2275 2091 2411 2135 quam
2442 2076 2581 2135 duplo

320 2149 407 2195 fuit
435 2148 580 2204 major
609 2143 858 2204 veteribus,
891 2160 1023 2203 quam
1058 2154 1128 2193 est
1157 2147 1288 2193 nobis
1319 2147 1455 2192 hodie
1486 2147 1531 2191 in
1564 2152 1788 2205 computo,
1849 2147 2092 2192 Praeterea
2121 2148 2386 2204 ignorarunt
2417 2144 2480 2189 illi
2512 2148 2580 2191 in·

322 2215 582 2260 citationem
611 2213 770 2257 Lunae
801 2213 847 2257 in
879 2213 1082 2270 copulis,
1126 2226 1260 2270 quam
1292 2213 1450 2270 Tycho
1483 2213 1632 2258 Brahe
1663 2213 1958 2259 variationem
1991 2213 2124 2270 dixit,
2157 2225 2295 2269 quae,
2336 2212 2422 2258 etsi
2461 2211 2581 2258 altae

321 2279 507 2339 perinde
538 2277 701 2324 accidit
731 2284 870 2333 atque
890 2278 1062 2337 humili,
1094 2285 1245 2325 tamen
1277 2279 1435 2329 humili
1465 2278 1709 2324 admetitur
1739 2292 1788 2324 se
1819 2279 1966 2336 ipsam
1987 2279 2044 2324 ad
2072 2279 2409 2336 proportionem
2431 2287 2580 2325 motus

320 2346 480 2392 Lunae
509 2343 677 2389 horarii
708 2344 938 2388 auctioris.
998 2345 1159 2401 Itaque
1190 2345 1267 2401 fit,
1298 2352 1349 2389 ut
1380 2344 1645 2390 obliteretur
1674 2345 1753 2389 illa
1783 2346 2056 2401 trajectuum
2088 2345 2343 2391 differentia
2375 2353 2421 2391 et
2451 2358 2582 2403 prae-

322 2412 458 2457 cellat
487 2412 575 2455 ista
605 2409 883 2455 celeritatum
914 2410 1085 2467 fiatque
1116 2411 1258 2455 multo
1291 2409 1502 2467 celerior,
1550 2424 1685 2467 quam
1718 2409 1935 2466 trajectus
1966 2419 2037 2457 est
2066 2410 2299 2468 prolixior.
2359 2411 2454 2457 Nec
2487 2427 2580 2459 cer-

323 2483 474 2522 tamus
503 2474 861 2534 hypothesibus3
898 2478 1178 2533 experientia
1207 2477 1308 2533 ipsa
1340 2483 1432 2521 stat
1453 2490 1481 2522 a
1506 2490 1576 2521 me
1594 2477 1773 2534 fertque
1805 2477 1877 2522 hic
1900 2490 2083 2534 quoque
2114 2478 2419 2523 testimonium
2440 2478 2580 2537 hypo-

261 2536 266 2543 ’
321 2543 528 2589 thesibus
560 2540 774 2600 physicis,
808 2541 913 2587 dum
944 2543 1136 2599 eclipses
1168 2545 1418 2600 perigaeas,
1450 2543 1584 2587 etiam
1616 2556 1733 2600 quae
1764 2543 2002 2600 centrales,
2034 2543 2260 2589 breviores
2293 2544 2473 2589 omnino
2505 2558 2581 2591 ex-

324 2609 524 2668 perimur
553 2607 779 2664 apogaeis,
811 2614 969 2653 contra
1000 2622 1133 2665 quam
1165 2608 1239 2653 hic
1270 2608 1437 2652 Lucius
1468 2607 1676 2656 inculcat.
2386 2643 2392 2650 ,

499 2673 569 2718 52.
602 2674 826 2730 Loquitur
856 2675 1181 2730 comparative,
1224 2687 1278 2719 ac
1309 2674 1347 2719 si
1376 2680 1428 2718 ut
1459 2687 1676 2730 aquarum
1708 2674 1899 2720 altitudo
1930 2674 2065 2720 rebus
2096 2675 2308 2720 coloratis
2340 2675 2578 2733 superfusa

325 2746 620 2799 conspectum
654 2752 808 2784 earum
839 2741 1051 2785 obtusum
1080 2747 1307 2797 praestat,
1354 2741 1418 2786 sic
1464 2741 1599 2785 etiam
1641 2741 1824 2785 umbrae
1861 2741 2145 2798 profunditas
2185 2742 2410 2799 nigrorem
2449 2741 2578 2798 quasi

324 2819 457 2852 suum
486 2806 643 2849 Lunae
675 2804 943 2862 circumdet,
989 2811 1033 2850 et
1065 2806 1184 2851 sicut
1217 2806 1416 2851 vicissim
1447 2819 1503 2850 ex
1535 2819 1655 2862 aqua
1684 2806 1853 2852 vadosa
1884 2807 2052 2852 fundus
2083 2807 2215 2853 facile
2247 2808 2399 2853 elucet
2427 2808 2578 2852 colore

326 2886 424 2929 suo,
458 2872 523 2916 sic
554 2870 687 2916 etiam
709 2871 850 2915 ,Luna
882 2884 964 2916 suo
997 2871 1147 2917 colore
1174 2873 1356 2929 proprio
1390 2885 1446 2916 ex
1476 2874 1661 2918 umbrae
1692 2886 1903 2917 mucrone
1935 2877 2167 2918 attenuato
2199 2875 2363 2920 clarius
2395 2875 2576 2921 eniteat.

322 2936 461 2982 Fallit
488 2950 594 2982 vero
627 2950 675 2981 se
705 2936 876 2993 ipsum:
909 2943 1105 2983 testatur
1137 2937 1255 2982 enim
1286 2938 1577 2994 experientia,
1610 2940 1785 2983 Lunam
1817 2939 2060 2984 altissimas
2092 2946 2138 2985 et
2166 2940 2451 2987 brevissimas
2481 2956 2575 2987 um-

323 3001 432 3048 brae
462 3010 618 3060 partes
649 3003 946 3059 trajicientem
976 3003 1228 3061 plerunque
1259 3003 1566 3050 obscuriorem
1608 3019 1708 3050 esse
1741 3005 2011 3061 quandoque
2053 3007 2184 3052 etiam
2216 3009 2396 3065 penitus
2429 3007 2575 3065 dispa-

321 3081 436 3126 rere,
467 3069 673 3115 nimirum
707 3070 812 3126 quia
840 3071 1079 3115 rationon
1111 3078 1180 3115 est
1211 3070 1343 3115 bona.
1404 3072 1507 3116 Non
1540 3071 1679 3116 habet
1709 3073 1825 3116 enirn
1857 3072 2016 3117 umbra
2046 3073 2242 3118 colorem
2275 3079 2326 3117 ut
2357 3087 2475 3130 aqua
2495 3086 2574 3130 po-

323 3135 526 3190 sitivum,
569 3135 650 3180 sed
692 3148 815 3179 mera
846 3143 916 3181 est
945 3136 1136 3192 privatio
1166 3136 1346 3181 luminis
1378 3149 1602 3193 apparens
1643 3137 1741 3192 ejus
1773 3139 1937 3194 nigror.
1986 3138 2067 3183 De
2098 3140 2248 3185 colore
2280 3152 2384 3184 vero
2415 3139 2575 3184 Lunae
2615 3150 2623 3164 ‘

323 3201 492 3246 cinerio
525 3200 750 3257 disputavi
780 3203 826 3245 in
858 3202 1054 3279 Opticis,
1095 3202 1214 3259 quod
1244 3203 1283 3247 is
1316 3203 1375 3247 sit
1405 3205 1461 3248 ab
1493 3205 1690 3292 aetheris
1722 3206 1975 3250 substantia
2005 3205 2124 3251 circa
2155 3205 2304 3250 Solem
2334 3205 2427 3250 late
2456 3203 2575 3262 fusa,
2631 3200 2652 3236 ’ἔ

324 3273 404 3313 aut
433 3279 461 3310 a
491 3267 713 3312 sideribus
744 3268 845 3312 aliis
879 3268 972 3313 Soli
1000 3267 1175 3316 vicinis.

497 3331 566 3376 53
597 3333 714 3377 Mihi
744 3333 912 3379 sufficit
941 3335 1168 3392 posterior
1186 3336 1316 3390 ratio,
1345 3336 1539 3393 priorem
1570 3350 1651 3393 pro
1684 3336 1809 3381 nulla
1829 3336 1999 3382 habeo:
2031 3337 2218 3383 involvit
2249 3338 2367 3383 enim
2396 3343 2572 3383 contra·
2633 3350 2638 3357 ·

325 3397 578 3443 dictionem.
637 3398 754 3442 Nam
785 3399 871 3444 etsi
901 3405 980 3445 aer
1009 3400 1227 3447 densatur
1269 3415 1351 3447 seu
1390 3403 1672 3447 contrahitur
1709 3402 1754 3446 in
1787 3415 1836 3447 se
1866 3403 2014 3459 ipsum
2044 3403 2091 3447 in
2123 3404 2322 3449 tenebris
2353 3404 2571 3460 privativo
2630 3423 2637 3429 ·

325 3476 482 3519 sensu,
527 3463 632 3519 quia
664 3465 836 3511 scilicet
866 3466 944 3510 lux
977 3467 1127 3522 abest,
1172 3469 1228 3513 ad
1261 3470 1390 3526 cujus
1420 3469 1497 3514 ille
1530 3469 1832 3526 praesentiam
1862 3469 2058 3513 naturali
2088 3477 2213 3514 motu
2245 3483 2325 3514 seu
2356 3469 2572 3514 facultate

325 3541 424 3572 sese
457 3528 700 3586 dididerat,
743 3545 863 3576 nunc
902 3545 956 3577 ea
988 3534 1211 3579 exstincta
1242 3535 1300 3580 ad
1341 3549 1468 3580 suam
1501 3536 1640 3580 solius
1682 3542 1890 3579 naturam
1918 3536 2062 3592 redit,
2103 3541 2153 3580 ut
2183 3536 2304 3580 canit
2333 3535 2568 3591 Virgilius:

325 3618 379 3626 —-
411 3600 453 3640 et
482 3597 667 3642 obtenta
698 3596 951 3644 densantur
978 3605 1109 3646 nocte
1138 3602 1372 3646 tenebrae:
1414 3607 1461 3646 at
1500 3601 1613 3646 haec
1656 3601 1853 3646 densitas
1896 3601 2010 3645 nihil
2040 3608 2173 3647 nocet
2202 3601 2319 3658 ignis
2350 3599 2568 3659 effluviis;
2619 3638 2641 3652 .,

323 3659 446 3715 quod
477 3660 547 3703 vel
577 3660 681 3706 inde
711 3663 942 3718 probatur,
975 3664 1080 3718 quia
1110 3671 1447 3721 argumentator
1477 3665 1666 3721 fatetur,
1698 3665 1824 3709 illum
1857 3671 1964 3711 tunc
1996 3668 2159 3713 clarius
2190 3668 2380 3712 elucere.
2442 3666 2569 3723 Quae
2628 3683 2641 3734 ζ

324 3736 431 3768 vero
462 3723 628 3776 lucent,
661 3725 717 3771 ab
747 3727 802 3771 iis
831 3728 984 3772 lumen
1015 3729 1174 3786 effluit,
1206 3732 1312 3788 quia
1343 3732 1456 3776 visio
1486 3745 1575 3776 non
1606 3732 1659 3776 fit
1689 3732 1940 3785 emissione,
1972 3733 2052 3777 sed
2082 3734 2356 3790 receptione.

388 3827 391 3829 ,
499 3790 569 3834 54.
605 3791 824 3836 Circuitus
854 3793 1203 3850 pleniluniorum
1233 3797 1320 3842 465
1350 3802 1458 3842 sunt
1486 3801 1681 3852 quatuor
1710 3796 1897 3842 totidem
1928 3799 2150 3854 quadrae,
2190 3800 2277 3844 hoc
2314 3805 2385 3844 est
2415 3799 2477 3844 31*
2516 3801 2570 3846 0⁰

326 3854 538 3915 quadrae,
570 3870 684 3913 quae
714 3859 857 3904 Tabb.
889 3860 1003 3904 Rud.
1033 3859 1066 3903 f.
1098 3861 1185 3907 100
2611 3852 2652 3984 ἐς

2608 3987 2652 4065 a
