2652 4088
295 152 401 211 192
890 148 1179 196 collectanea
1204 158 1266 193 ex
1293 144 1526 192 codicibus
1554 144 1947 192 Pnlkoviensibus.

288 302 554 352 assumitur
578 311 805 347 mensura
828 297 1116 360 angulorum
1143 298 1371 357 omnium,
1412 297 1528 358 quia
1553 310 1718 345 omnes
1756 296 1850 343 sibi
1888 294 2135 357 aequales.
2201 293 2319 343 Jam
2355 309 2468 344 cum
2493 295 2543 342 in
2631 307 2633 310 ⁴

293 373 746 439 parallelogrammo
785 372 882 419 sint
918 369 1086 432 anguli
1123 376 1347 432 quatuor,
1388 382 1473 417 eos
1509 383 1596 432 per
1632 375 1816 418 rectum
1841 369 2110 416 metiemur.
2171 367 2390 415 Primum
2412 367 2545 415 linea

294 461 464 497 secans
503 443 764 508 parallelas
815 443 1084 505 aequaliter
1121 442 1185 490 ad
1229 448 1486 503 utramque
1524 442 1783 490 inclinatur
1821 439 2152 503 aequalesque
2192 455 2301 488 cum
2340 446 2545 502 utraque

294 520 546 569 constituit
583 515 805 579 angulOS,
846 521 1072 564 externos
1099 516 1224 562 intra
1250 515 1504 577 oppositis
1564 514 1622 562 Id
1659 528 1757 561 non
1785 521 1895 575 eget
1921 513 2208 575 probatione
2246 514 2360 573 alia,
2401 527 2547 575 quam

278 575 406 651 'ista,
447 589 578 654 quod
617 588 786 638 eadem
826 587 1080 636 inclinatio
1120 588 1330 637 eundem
1366 588 1484 636 facit
1520 586 1770 649 angulum,
1810 600 1921 634 cum
1959 586 2166 649 angulus
2205 585 2273 633 nil
2311 587 2377 634 sit
2412 585 2549 634 aliud

293 679 439 728 quam
477 662 744 712 inclinatio.
819 660 1036 710 Eandem
1084 667 1248 710 autem
1297 659 1661 708 inclinationem
1711 673 1818 707 esse
1858 673 1916 706 ex
1956 672 2014 706 eo
2052 658 2364 721 intelligitur,
2416 656 2548 720 quod

1250 739 1415 782 sectae
1451 731 1713 796 parallelae
1740 736 1867 789 sunt,
1906 731 2128 779 similiter
2164 733 2311 794 igitur
2349 730 2412 778 ad
2439 744 2550 779 sec-

1248 967 1279 1000 a
1315 951 1496 1000 faciant
1536 955 1564 998 2
1605 961 1778 1009 rectOS,
1815 948 1911 997 duo
1950 963 2017 999 sc.
2058 952 2333 1000 exteriores,
2409 947 2552 1010 Quod

1247 1027 1432 1073 interea
1458 1029 1696 1071 teneatur.
1761 1021 1876 1070 Jam
1915 1021 2056 1071 lineis
2092 1037 2145 1071 se
2172 1028 2339 1071 mutuo
2379 1036 2554 1070 secan-

1247 1098 1380 1145 tibus
1418 1095 1587 1159 anguli
1625 1113 1754 1147 κατα
1791 1111 2007 1160 κορυφην
2044 1095 2165 1143 fiunt
2201 1096 2362 1157 aequi.
2425 1095 2550 1143 Nam

1249 1171 1353 1218 iet
1401 1183 1427 1217 e
1476 1174 1588 1217 sunt
1642 1173 1670 1216 2
1721 1170 1866 1228 recti,
1908 1182 1934 1216 e
1973 1174 2021 1217 et
2058 1169 2091 1215 k
2142 1168 2336 1227 itidem,
2391 1166 2552 1216 demto

1251 1243 1493 1291 communi
1532 1256 1557 1290 e
1596 1241 1670 1288 bis
1708 1248 1974 1301 numeram,
2015 1241 2236 1290 residuus
2275 1243 2554 1303 iaequatur

1247 1314 1443 1364 residuo
1471 1315 1516 1373 k,
1556 1314 1627 1362 sic
1654 1319 1702 1363 et
1729 1327 1755 1363 e
1786 1333 1852 1358 =
1881 1314 1926 1361 d.
1992 1314 2114 1362 Cum
2143 1328 2257 1376 ergo
2284 1329 2314 1362 a
2343 1316 2400 1372 -Ι-
2437 1329 2462 1362 c
2483 1333 2555 1357 =

1250 1394 1279 1437 2
1307 1388 1366 1436 R.
1407 1394 1454 1437 et
1492 1387 1523 1435 d
1553 1387 1611 1445 -l-
1646 1387 1677 1434 b
1715 1387 1911 1447 itidem,
1953 1388 2018 1435 sit
2057 1401 2172 1437 vero
2201 1402 2227 1436 e
2265 1401 2476 1450 aequum
2507 1387 2552 1447 d,

1245 1462 1270 1509 f
1292 1482 1357 1507 =
1385 1476 1428 1520 a,
1467 1475 1501 1523 g
1530 1479 1589 1500 =
1612 1473 1653 1519 c,
1757 1480 1816 1499 =
1846 1460 1893 1519 b,
1934 1473 2048 1523 ergo
2088 1467 2299 1524 quatuor
2335 1462 2462 1509 intra
2498 1478 2559 1503 =

1250 1540 1459 1596 quatuor
1496 1533 1654 1581 rectis.

1247 808 1416 855 tricem
1441 805 1718 854 inclinatae.
1765 802 1902 852 Unde
1929 805 2162 866 sequitur,
2189 806 2232 851 si
2259 803 2304 865 d,
2332 803 2552 852 isaciunt
2640 801 2648 805 ’

1250 884 1279 927 2
1307 884 1492 938 rectos,
1531 879 1549 924 i
1588 891 1702 925 vero
1742 884 1790 925 et
1828 891 1858 924 a
1895 878 1991 924 sint
2029 876 2287 938 aequaleS‚
2340 882 2395 924 ut
2437 876 2467 924 d
2503 885 2551 924 et
2631 883 2636 889 ‘

473 1606 570 1656 Hic
601 1606 707 1669 jam
745 1607 939 1656 haereo.
1015 1606 1142 1655 Nam
1181 1609 1334 1671 primo
1373 1613 1502 1656 esset
1540 1604 1869 1669 probandum,
1921 1605 2218 1668 triangulum
2262 1620 2368 1655 esse
2409 1605 2554 1654 dimi·
2631 1665 2637 1671 ⁷

300 1679 432 1728 dium
470 1679 932 1744 parallelogrammi.
997 1680 1237 1729 Tentabo.
1314 1679 1429 1728 Jam
1468 1685 1515 1728 et
1553 1677 1672 1725 illud
1699 1677 1975 1738 tenendum,
2016 1681 2268 1742 oppositos
2296 1680 2436 1728 binos
2462 1694 2554 1728 an-

303 1753 445 1815 gulos
485 1768 591 1802 esse
630 1753 881 1816 aequales,
958 1753 1140 1801 Verum
1179 1766 1336 1815 neque
1375 1753 1468 1801 hoc
1505 1765 1710 1815 operosa
1752 1751 1939 1813 indiget
1977 1754 2279 1816 probatione,
2322 1754 2437 1815 quia
2476 1753 2555 1802 vel

298 1828 401 1875 sine
452 1839 511 1874 ea
562 1826 867 1876 concedetur.
942 1826 1067 1874 Nam
1105 1828 1146 1874 si
1199 1826 1369 1875 eadem
1422 1831 1495 1874 est
1539 1824 1793 1872 inclinatio
1833 1824 2083 1884 binarum,
2133 1840 2258 1887 quae
2301 1827 2555 1889 oppositos

296 1898 610 1960 constituunt,
651 1899 795 1949 iidem
823 1905 962 1948 erunt
989 1900 1135 1948 etiam
1164 1898 1346 1962 anguli.
1413 1899 1511 1947 Cur
1538 1904 1702 1946 autem
1729 1911 1825 1946 non
1854 1899 1916 1945 sit
1943 1898 2114 1947 eadem
2141 1898 2404 1959 inclinatio,
2446 1913 2554 1947 cum

298 1972 443 2020 binae
480 1973 576 2020 sint
615 1974 825 2022 invicem
863 1970 1172 2035 parallelae?
1222 1971 1275 2020 Si
1315 1973 1424 2035 quis
1464 1978 1626 2019 tamen
1666 1984 1763 2018 non
1804 1969 1968 2031 credit,
2009 1972 2050 2019 is
2090 1977 2139 2020 et
2178 1971 2555 2020 demonstratio·
2613 1975 2621 1985 ¹

299 2059 408 2093 nem
447 2044 650 2094 habeat:
691 2061 754 2107 m,
795 2046 815 2093 f
849 2052 963 2094 sunt
1002 2044 1100 2094 duo
1139 2046 1273 2103 recti,
1313 2060 1355 2105 e,
1394 2045 1426 2092 k
1464 2043 1647 2104 itidem,
1689 2056 1804 2105 ergo
1843 2058 1908 2103 m,
1947 2043 1978 2103 f,
2021 2058 2061 2104 e,
2105 2044 2136 2091 k
2174 2051 2382 2106 quatuor
2421 2047 2554 2093 recti.

302 2116 419 2168 Jam
457 2132 520 2180 m,
559 2118 591 2166 k
628 2125 742 2168 sunt
781 2118 877 2167 duo
917 2120 1063 2173 recti,
1099 2117 1281 2168 residui
1324 2119 1472 2181 igitur
1509 2117 1540 2177 f,
1581 2131 1608 2165 e
1651 2117 1904 2165 interiores
1942 2123 2056 2165 sunt
2094 2118 2299 2166 residuis
2341 2124 2370 2166 2
2411 2120 2554 2166 rectis

296 2193 467 2254 aequi,
519 2206 668 2254 quare
708 2198 756 2242 et
795 2207 836 2253 e,
877 2191 924 2253 h,
979 2205 1093 2254 ergo
1145 2193 1291 2254 aequi
1331 2191 1362 2253 f,
1402 2205 1429 2240 e
1467 2197 1515 2240 et
1553 2204 1593 2247 e,
1633 2189 1694 2252 h;
1745 2203 2048 2239 communem
2088 2204 2115 2239 e
2152 2192 2336 2253 eximo,
2386 2205 2501 2254 ergo
2536 2191 2562 2238 f

296 2270 478 2328 aequat
516 2264 562 2313 h.

471 2336 625 2386 Porro
665 2336 811 2386 ducta
851 2336 1111 2397 diametro,
1151 2336 1306 2400 figura
1344 2335 1474 2385 cadit
1522 2337 1570 2383 in
1611 2334 1708 2384 duo
1746 2334 2003 2398 triangula,
2044 2349 2172 2398 quae
2210 2336 2393 2399 figurae
2429 2349 2557 2399 qua-

302 2415 413 2459 tuor
450 2410 657 2474 angulos
698 2409 967 2473 aequaliter
1003 2412 1129 2459 inter
1166 2425 1218 2459 se
1256 2411 1555 2473 partiuntur,
1610 2415 1662 2456 ut
1707 2409 1911 2471 singulis
1967 2407 2065 2457 duo
2116 2411 2232 2458 recti
2275 2411 2556 2461 obveniant.

303 2482 445 2544 Quod
472 2489 526 2532 ut
562 2485 819 2547 probetur,
860 2483 1142 2543 notandum,
1184 2483 1487 2543 diametrum,
1528 2484 1568 2530 si
1594 2481 1902 2544 producatur,
1940 2495 2104 2530 secare
2138 2482 2415 2546 parallelas,
2457 2497 2555 2546 quo

299 2557 350 2603 in
390 2570 506 2605 casu
544 2555 712 2620 anguli
751 2554 962 2616 ἐναλλαξ
1000 2563 1286 2618 aequantur,
1326 2555 1454 2605 unde
1481 2557 1714 2617 sequitur,
1756 2555 1986 2616 trianguli
2026 2557 2073 2601 in
2100 2555 2556 2618 parallelogrammo
2630 2560 2635 2574 ⁷

301 2634 399 2677 tres
436 2629 642 2692 angulos
681 2628 913 2692 aequales
952 2643 1060 2678 esse
1099 2628 1290 2678 duobus
1328 2631 1486 2678 rectis.
1565 2627 1720 2677 Omne
1759 2641 1876 2677 vero
1923 2628 2219 2690 triangulum
2257 2631 2554 2691 geminatum

299 2700 386 2751 dat
422 2701 959 2766 parallelogrammum:
1001 2716 1142 2751 omne
1180 2703 1329 2767 igitur
1365 2701 1514 2751 habet
1552 2708 1648 2750 tres
1673 2699 1880 2764 angulos
1906 2701 2135 2763 aequales
2162 2701 2353 2751 duobus
2391 2705 2551 2752 rectis.

317 2782 326 2804 Ι

297 2965 388 3014 An
424 2965 837 3025 triangulorum
889 2966 1153 3015 doctrina
1188 2978 1288 3023 per
1337 2966 1718 3024 sexiplanium
1758 2965 2161 3023 compendiose
2205 2968 2353 3015 tradi
2392 2971 2450 3015 et
2486 2980 2557 3016 ex
2621 3006 2630 3018 .

835 3040 1134 3098 sphaerico
1168 3040 1231 3087 in
1266 3041 1501 3098 planum
1540 3039 1755 3087 deduci
1790 3039 2010 3096 possit?

477 3145 521 3189 1.
561 3139 854 3189 Hexae‘dron
895 3138 1137 3190 clauditur
1172 3154 1259 3188 sex
1297 3139 1643 3202 superficiebus
1684 3138 2050 3202 quadrangulis.

473 3218 521 3262 2.
560 3213 738 3262 Tribus
777 3215 1149 3276 quibuscunque
1187 3214 1378 3277 punctis
1415 3213 1611 3276 positis,
1664 3213 1859 3276 ponitur
1896 3216 2090 3263 unicum
2130 3213 2430 3279 triangulum
2469 3230 2555 3266 seu

299 3284 514 3351 planum.

473 3365 520 3409 3.
562 3358 782 3421 Quatuor
819 3361 1012 3423 punctis
1051 3360 1097 3406 in
1139 3358 1309 3408 eadem
1346 3358 1549 3420 planitie
1587 3359 1775 3421 positis,
1816 3362 2010 3422 ponitur
2048 3359 2444 3423 quadrilaterum.

478 3437 526 3484 4.
567 3431 789 3493 Quatuor
828 3435 1018 3496 punctis
1056 3446 1154 3480 non
1193 3434 1242 3480 in
1281 3430 1450 3481 eadem
1488 3431 1689 3495 planitie
1729 3434 1899 3494 positis
1938 3436 2133 3497 ponitur
2164 3433 2461 3498 tetrae'dron.

477 3510 522 3555 5,
565 3504 790 3567 Quinque
829 3507 1020 3569 punctis
1058 3519 1153 3553 non
1194 3507 1241 3552 in
1281 3504 1471 3553 duabus
1497 3504 1790 3568 planitiebus
1828 3508 2016 3568 positis,
2056 3507 2251 3569 ponitur
2275 3506 2554 3556 hexaedron

301 3578 610 3641 triangulare,
651 3577 896 3627 divisibile
935 3580 984 3625 in
1023 3577 1119 3627 duo
1159 3577 1415 3627 tetrae‘dra.

470 3656 515 3700 6.
555 3650 652 3700 Sex
687 3653 878 3713 punctis
916 3653 987 3699 sic
1025 3649 1288 3715 dispositis,
1330 3656 1383 3698 ut
1421 3655 1655 3713 quaterna
1677 3652 1726 3697 in
1753 3651 1905 3699 tribus
1930 3653 2027 3700 sint
2054 3650 2376 3715 planitiebus,
2407 3653 2552 3715 poni-

302 3727 379 3770 tur
417 3725 596 3786 prisma
633 3738 719 3772 seu
758 3723 1071 3786 pentae‘dron,
1110 3724 1226 3772 bina
1262 3724 1417 3772 fronte
1455 3723 1716 3786 triangula.

474 3801 518 3844 7.
560 3794 683 3844 Octo
721 3799 913 3859 punctis
950 3798 1021 3845 sic
1060 3795 1324 3859 dispositis,
1364 3802 1418 3845 ut
1442 3801 1679 3860 quaterna
1701 3797 1874 3846 sintin
1898 3796 2195 3861 planitiebus
2222 3799 2366 3860 senis,
2405 3797 2551 3862 poni-

303 3870 380 3919 tur
414 3865 690 3918 hexaedron
729 3868 1122 3936 quadrilaterum.

2624 3976 2635 4003 «θ’

2643 3766 2652 4088 ι-.-,-..-..-ι.μ-.-”Δ--μ
2646 3733 2652 3744 Λ
2650 3678 2652 3694 -
