2652 4088
616 163 671 211 111
698 163 885 211 Librum
913 164 1149 212 Plutarchi
1178 165 1235 211 de
1265 166 1404 214 Facie
1433 165 1481 211 in
1512 162 1632 210 Orbe
1662 162 1837 209 Lunae.
2019 126 2022 128 ¹
2246 153 2352 213 107

98 322 187 354 non
217 308 393 357 tollitur
423 311 676 369 aequalitas
717 311 988 370 angulorum
1026 310 1298 360 incidentiae
1338 318 1386 360 et
1414 310 1674 358 reflexionis
1704 322 1786 368 per
1813 309 1933 356 hanc
1963 304 2357 366 amplificationem

22 387 30 390 ·
96 376 304 433 imaginis
334 378 381 423 in
411 379 600 436 speculo
631 372 756 426 c‘avo.

271 444 399 489 Alias
429 445 470 490 si
499 445 747 490 doctrinam
775 445 922 503 ipsam
954 447 1247 503 catoptricam
1271 445 1620 499 consideremus,
1650 444 1793 490 Lucio
1819 443 1915 500 jam
1946 442 2080 488 silere
2107 441 2252 498 jusso,
2286 451 2353 483 er-

99 521 177 552 ror
206 510 387 554 omnino
419 516 490 556 est
520 524 613 556 non
641 512 770 568 parvi
798 513 1014 557 momenti
1042 513 1089 557 in
1122 514 1330 558 doctrina
1359 513 1471 566 hac,
1504 518 1556 558 ut
1585 516 1655 558 est
1685 508 1764 553 illa
1793 507 1923 554 nobis
1954 506 2112 552 relicta
2142 505 2198 550 ab
2230 508 2356 549 ante·

98 576 378 634 cessoribus3
417 582 465 621 at
494 578 533 622 is
563 592 654 623 non
684 578 731 622 in
760 578 870 633 hac,
914 578 993 623 sed
1025 579 1073 623 in
1104 579 1193 623 alia
1222 579 1368 623 vicina
1399 584 1550 635 parte,
1595 579 1702 623 dum
1733 574 1830 621 8011.
1863 574 2012 620 10011111
2043 572 2248 628 imaginis
2281 572 2355 617 (10-

98 640 262 687 finiunt
290 655 373 699 per
393 656 663 688 concursum
684 643 798 688 radii
819 644 971 689 visorii
1004 658 1105 689 cum
1136 644 1514 702 perpendiculari,
1547 656 1663 699 quae
1696 655 1752 687 ex
1782 646 1952 698 puncto
1982 638 2146 684 visibili
2178 637 2358 683 ducitur

97 706 145 749 in
176 707 445 763 superficem
475 708 614 764 illam,
649 722 766 764 quae
795 709 990 755 reflectit
1007 710 1181 755 radium
1206 710 1464 766 quemlibet,
1494 715 1648 754 mente
1670 709 1995 755 continuatam:
2027 718 2175 762 neque
2206 711 2358 749 tamen

99 785 282 818 causam
313 774 558 830 legitimam
588 775 860 832 producunt,
894 790 974 821 cur
1003 776 1091 820 hoc
1121 778 1186 822 ita
1219 777 1411 833 eveniat,
1445 777 1527 821 sed
1558 777 1646 821 hoc
1675 777 1845 833 ipsum,
1889 772 2008 830 quod
2041 772 2209 826 dicunt,
2239 771 2358 815 inter

98 839 319 896 principia
349 842 600 897 catoptrica
642 841 738 886 sine
767 839 862 886 ulla
899 840 1168 888 limitatione
1199 849 1449 888 assumunt.
1511 843 1645 887 Hunc
1675 853 1872 886 errorem
1914 851 1999 895 ego
2030 835 2281 882 rationibus
2314 839 2359 880 et

106 906 428 962 experimentis
459 911 566 952 ante
600 921 743 952 annos
772 907 829 952 26
860 905 907 949 in
939 905 1114 964 Opticis
1147 909 1353 965 coargui,
1387 907 1566 952 axioma
1595 906 1806 961 limitavi,
1850 909 1895 950 et
1925 916 2016 961 qua
2044 906 2174 959 parte
2203 914 2360 946 verum

100 977 184 1023 est,
217 972 317 1027 eJus
348 985 509 1018 causas
540 973 774 1018 naturales
803 973 972 1030 aperui.
1033 972 1166 1028 Quod
1196 987 1301 1018 vero
1333 986 1425 1017 non
1456 973 1515 1018 sit
1547 972 1726 1016 axioma
1762 970 1879 1015 illud
1915 967 2191 1021 universale,
2229 965 2359 1023 potui

100 1049 184 1093 per
214 1037 302 1081 hoc
341 1037 494 1093 ipsum
534 1038 767 1095 speculum
812 1054 971 1086 cavum
1013 1047 1059 1083 et
1090 1053 1172 1098 per
1211 1040 1452 1096 allegatam
1485 1054 1511 1085 a
1541 1040 1684 1084 Lucio
1717 1034 2112 1092 amplificationem
2151 1031 2358 1086 imaginis

54 1144 67 1158 5
106 1115 351 1157 coarguere
383 1103 561 1148 clarius.
621 1105 737 1148 Nam
770 1112 981 1150 auctores
1015 1106 1105 1162 ipsi
1137 1106 1273 1164 optici
1304 1106 1644 1151 hallucinantur
1674 1102 2010 1151 absurdissime,
2046 1100 2150 1145 dum
2182 1098 2361 1143 axioma

99 1179 231 1212 suum
260 1168 493 1226 applicant
522 1169 581 1214 ad
613 1170 735 1215 hunc
770 1184 941 1216 casum.
1001 1170 1216 1228 Sequitur
1247 1172 1365 1216 enim
1397 1184 1452 1216 ex
1484 1170 1645 1216 vitioso
1686 1169 1764 1212 illo
1797 1167 2040 1220 axiomate,
2070 1165 2222 1209 locum
2251 1164 2359 1207 ima-

99 1233 215 1288 ginis
257 1246 395 1291 saepe
435 1235 509 1279 vel
536 1236 583 1279 in
613 1236 714 1292 ipso
756 1235 1013 1293 superficiei
1053 1237 1346 1295 refringentis
1377 1242 1548 1294 puncto
1582 1247 1704 1290 esse,
1743 1232 1814 1277 vel
1845 1232 1890 1275 in
1922 1230 2098 1276 infinita
2128 1229 2359 1275 distantia.

99 1300 163 1344 Et
191 1313 294 1344 cum
324 1300 506 1356 dicunt,
550 1301 596 1346 in
627 1303 729 1359 ipsa
759 1302 1000 1358 superficie
1032 1303 1231 1359 speculi,
1269 1303 1364 1359 jam
1402 1303 1491 1359 ipsi
1530 1304 1782 1359 coarguunt
1822 1312 1954 1344 suum
1991 1297 2183 1343 axioma.
2243 1297 2360 1342 Nam

100 1371 320 1422 punctum
349 1365 462 1410 illud
495 1366 670 1422 speculi
701 1369 754 1425 R,
786 1367 1080 1414 reflexionem
1111 1369 1297 1425 faciens,
1331 1373 1401 1413 est
1432 1375 1560 1414 extra
1591 1365 2015 1426 perpendicularem
2046 1376 2104 1408 ex
2136 1367 2291 1408 centro
2326 1362 2360 1406 G

101 1445 184 1488 per
213 1444 310 1477 rem
339 1432 393 1476 F.
454 1433 730 1490 Interimque
759 1435 977 1480 reclamat
1009 1436 1301 1493 experientia.
1358 1436 1404 1481 Si
1436 1435 1555 1480 enim
1584 1433 1909 1508 imaginaretur
1939 1430 2026 1475 sibi
2055 1429 2178 1473 visus
2208 1428 2360 1472 locum

101 1497 167 1542 rei
195 1497 242 1541 in
273 1497 516 1555 superficie
547 1500 743 1558 speculi,
785 1514 877 1544 non
914 1501 1239 1559 imaginaretur
1270 1501 1354 1546 sibi
1384 1501 1507 1545 illam
1548 1499 1763 1556 majorem
1794 1498 1896 1554 ipsa
1932 1495 2141 1552 portione
2173 1492 2360 1550 speculi,

100 1574 183 1619 per
213 1577 349 1620 quam
378 1561 678 1608 reflectuntur
708 1579 862 1613 omnes
891 1569 1021 1614 radii.
1085 1568 1228 1625 Atqui
1261 1569 1315 1613 de
1347 1568 1541 1624 imagine
1571 1567 1820 1622 loquuntur
1850 1562 2149 1620 amplificata,
2182 1574 2270 1605 non
2305 1559 2360 1604 de

101 1629 350 1675 imminuta.
409 1629 617 1675 Omnium
657 1645 762 1677 vero
804 1633 1180 1680 absurdissimum
1212 1639 1281 1679 est
1307 1633 1448 1688 illud,
1492 1632 1613 1688 quod
1654 1631 1836 1675 disertis
1867 1629 2017 1673 verbis
2050 1640 2106 1671 ex
2137 1627 2360 1672 axiomate

101 1694 179 1740 illo
209 1708 292 1740 suo
324 1696 558 1743 deducunt
588 1701 634 1741 et
666 1697 981 1745 demonstrant
1013 1706 1234 1757 auctores,
1267 1700 1417 1744 locum
1448 1698 1655 1755 imaginis
1686 1697 1733 1742 in
1755 1697 1842 1742 hoc
1864 1709 1972 1741 casu
2004 1707 2105 1740 esse
2134 1694 2361 1739 interdum

101 1766 223 1805 retro
262 1762 319 1805 ab
359 1763 447 1807 hoc
478 1763 627 1810 oculo,
689 1764 809 1820 Quid
841 1771 912 1810 est
942 1766 1051 1822 hoc,
1094 1767 1243 1822 imago
1272 1772 1395 1812 retro
1427 1766 1483 1809 ab
1518 1764 1683 1809 oculo?
1742 1765 1875 1809 Anne
1907 1762 2066 1807 oculus
2097 1760 2363 1824 facultatem

100 1826 239 1872 habet
267 1829 541 1885 respiciendi
569 1831 617 1874 in
647 1832 874 1888 posticum
905 1834 1100 1890 capitis?
1150 1834 1223 1879 An
1256 1834 1494 1891 quisquam
1526 1845 1748 1888 unquam,
1779 1832 1986 1888 inspecto
2018 1827 2205 1887 speculo
2237 1840 2360 1883 cavo,

102 1893 393 1950 exclamavit,
432 1908 482 1940 se
511 1896 665 1942 videre
693 1897 932 1953 imaginem
962 1900 1028 1945 rei
1068 1900 1199 1956 quasi
1229 1905 1335 1958 post
1367 1904 1505 1957 caput
1535 1899 1699 1943 suum?
1749 1898 1905 1953 Imago
1939 1900 2008 1941 est
2037 1907 2110 1940 res
2141 1894 2270 1950 ficta,
2303 1893 2362 1937 si·

101 1960 398 2005 militudinem
429 1962 603 2008 habens
635 1964 715 2020 rei,
749 1964 828 2009 sed
861 1965 1074 2011 aberrans
1106 1980 1134 2010 a
1165 1966 1540 2023 circumstantiis;
1572 1976 1677 2020 pars
1708 1963 1847 2021 hujus
1878 1963 2085 2019 imaginis
2117 1966 2189 2008 est
2217 1960 2360 2018 locus,

101 2026 221 2071 circa
258 2039 390 2082 quem
430 2033 549 2072 errat
587 2028 749 2086 imago.
811 2030 855 2073 Is
887 2029 1013 2075 locus
1046 2043 1225 2087 semper
1267 2031 1313 2075 in
1345 2045 1444 2076 eam
1474 2028 1656 2086 plagam
1687 2036 1777 2088 est,
1816 2030 1863 2074 in
1904 2042 2039 2086 quam
2080 2026 2358 2073 convertitur

101 2091 276 2147 pupilla
306 2091 426 2136 oculi
469 2099 514 2137 et
543 2093 589 2138 111
623 2107 713 2150 qua
742 2095 877 2141 situm
917 2098 1171 2154 speculum,
1215 2097 1337 2154 quod
1370 2097 1528 2142 oculus
1562 2096 1759 2153 inspicit.
1809 2097 1873 2140 Et
1902 2101 2058 2140 tamen
2088 2095 2176 2139 hoc
2206 2093 2362 2138 absur-

103 2154 211 2201 dum
241 2157 423 2203 omnino
453 2159 659 2215 sequitur
690 2172 748 2205 ex
777 2161 958 2207 illorum
988 2164 1228 2208 axiomate.

278 2225 330 2268 In
362 2225 592 2270 schemate
621 2228 871 2300 praemisso
904 2230 963 2274 sit
993 2230 1031 2275 F
1062 2244 1137 2275 res
1167 2230 1269 2288 ipsa
1298 2235 1420 2276 retro
1454 2231 1510 2276 ab
1534 2230 1676 2277 oculo
1715 2230 1924 2275 Ducatur
1955 2241 2012 2273 ex
2035 2228 2068 2274 C
2092 2231 2247 2273 centro
2271 2225 2359 2282 CF,

112 2289 503 2347 perpendicularis
535 2304 598 2338 sc.
629 2292 678 2336 in
706 2295 992 2351 superficiem
1018 2311 1172 2343 cavam
1201 2299 1256 2354 R,
1291 2310 1407 2354 quae
1438 2295 1757 2342 refractionem
1787 2294 1973 2340 fecerat.
2028 2295 2076 2339 Si
2105 2293 2266 2339 locus*
2252 2306 2362 2338 11110-

30 2397 32 2406 ,
102 2356 217 2432 ginis
247 2362 319 2402 est
347 2357 393 2401 in
414 2370 638 2403 concursu
669 2359 806 2417 hujus
838 2363 1225 2420 perpendicularis
1246 2332 1367 2409 'CFN
1396 2377 1499 2408 cum
1519 2363 1661 2408 visiva
1684 2363 1778 2415 OR,
1811 2367 1932 2407 certe
1967 2363 2055 2408 hae
2078 2361 2193 2407 duae
2214 2360 2363 2406 lineae

106 2422 151 2466 in
181 2421 268 2468 1100
298 2436 408 2469 00811
436 2424 662 2469 interdum
693 2426 911 2473 incedunt
941 2428 1189 2486 parallelae
1222 2434 1268 2473 et
1299 2434 1575 2474 concurrunt
1605 2428 1651 2472 in
1682 2427 1899 2473 distantia
1936 2427 2133 2483 infinita,
2176 2426 2265 2471 hoc
2296 2430 2367 2470 est

31 2494 34 2509 '
104 2502 355 2547 nunquam;
396 2489 623 2535 interdum
666 2500 942 2539 concurrunt
973 2496 1176 2551 quidem,
1212 2494 1292 2540 sed
1331 2508 1489 2540 versus
1523 2495 1702 2552 plagam
1732 2494 1807 2539 OG
1839 2499 1959 2539 retro
1993 2495 2049 2539 ab
2082 2492 2238 2545 oculo,
2273 2504 2365 2536 non

104 2553 151 2599 in
181 2554 433 2600 adversum.
492 2557 680 2602 Falsum
719 2559 856 2616 igitur
885 2562 932 2606 in
963 2561 1051 2606 hoc
1093 2576 1203 2608 casu
1246 2562 1470 2618 reperitur
1513 2561 1691 2605 axioma
1732 2560 2084 2617 catoptricorum
2124 2564 2170 2605 et
2200 2557 2365 2604 substi-

35 2649 37 2660 ,
71 2658 74 2660 ,
111 2621 329 2666 tuendum
362 2629 433 2668 est
462 2636 645 2678 verum,
688 2638 716 2669 a
745 2637 818 2668 me
849 2626 1098 2671 stabilitum
1129 2628 1177 2672 in
1209 2627 1406 2684 Opticis:
1449 2639 1513 2672 80.
1546 2627 1668 2683 quod
1707 2627 1833 2671 locus
1863 2625 2070 2681 imaginis
2101 2625 2161 2669 sit
2188 2623 2235 2667 in
2265 2636 2368 2667 con-

110 2701 244 2734 cursu
284 2688 474 2735 duarum
514 2689 738 2734 linearum
775 2691 1045 2737 visoriarum
1074 2693 1120 2738 in
1152 2692 1388 2750 speculum
1433 2692 1760 2748 egredientium
1792 2705 1848 2736 ex
1881 2691 2059 2736 duobus
2091 2689 2256 2744 oculis,
2295 2688 2368 2733 vel

36 2778 40 2823 3
106 2754 239 2798 etiam
271 2766 329 2799 ex
360 2754 538 2800 duobus
568 2754 680 2801 locis
712 2755 951 2815 distinctis,
985 2772 1013 2802 a
1044 2772 1238 2814 quorum
1267 2772 1357 2804 uno
1380 2758 1426 2802 in
1464 2757 1600 2802 alium
1634 2756 1794 2802 oculus
1820 2757 1955 2802 etiam
1985 2769 2102 2802 unus
2134 2754 2364 2800 solitarius

104 2816 369 2874 reciprocat.
410 2819 472 2863 Et
502 2818 659 2863 incidit
688 2820 806 2864 inter
836 2821 1122 2868 scribendum
1166 2824 1268 2880 (etsi
1298 2828 1403 2868 ante
1433 2823 1614 2880 plenam
1647 2822 2077 2869 demonstrationem
2110 2820 2252 2866 asseri
2272 2834 2363 2866 non

39 2891 41 2902 ¹
107 2883 243 2930 debet
273 2899 357 2942 pro
388 2885 553 2940 certo),
585 2883 917 2942 elongationem
948 2888 1087 2946 hujus
1120 2902 1371 2935 concursus
1402 2889 1460 2934 ab
1492 2887 1623 2934 oculo
1656 2901 1914 2934 mensuram
1946 2887 2115 2940 habere
2146 2886 2366 2943 composi-

40 2955 41 2960 ’
105 2956 198 2996 tam
229 2964 286 2995 ex
316 2950 397 2996 ΟΒ
428 2956 475 2996 01
504 2951 599 3006 RF,
634 2952 943 3010 continuatam
975 2968 1120 3012 usque
1150 2957 1195 3000 in
1229 2970 1359 3001 suum
1389 2968 1659 3001 concursum
1691 2967 1792 2999 cum
1823 2953 1914 3002 OG.
1956 2954 2054 2998 Hoc
2077 2952 2195 2997 enim
2218 2952 2257 2997 si
2279 2956 2363 3009 est,

106 3023 342 3073 aequetur,
373 3017 612 3075 imaginem
644 3017 778 3062 etiam
811 3030 1030 3075 apparere
1062 3019 1393 3078 quodammodo
1427 3033 1606 3075 cavam,
1652 3024 1806 3076 partes
1838 3033 1901 3066 sc.
1933 3018 2171 3063 interiores
2212 3029 2365 3061 remo-

105 3083 258 3141 tiores,
289 3084 408 3129 sicut
439 3097 495 3129 ex
528 3083 738 3141 opposito
770 3083 817 3127 in
848 3086 1060 3131 convexis
1086 3086 1282 3143 speculis
1303 3091 1459 3143 partes
1481 3085 1689 3142 imaginis
1711 3085 1953 3131 interiores
1977 3083 2108 3129 oculo
2130 3082 2368 3141 propiores

106 3156 330 3206 apparent
360 3155 406 3195 et
433 3149 581 3205 imago
614 3162 830 3206 convexa,
865 3150 1041 3196 etiamsi
1073 3152 1247 3197 visibile
1279 3151 1416 3197 fuerit
1447 3152 1646 3210 planum.

277 3215 408 3261 Hanc
445 3215 583 3273 igitur
613 3214 879 3272 particulam
916 3216 1271 3274 catoptricorum
1312 3218 1385 3263 hic
1423 3217 1641 3262 ventilare
1680 3217 1788 3261 mihi
1828 3215 2020 3274 placuit,
2066 3214 2295 3262 admonito
2340 3226 2368 3259 a

102 3278 262 3337 Lucio,
294 3281 418 3326 aliud
448 3281 622 3337 aliquid
652 3279 1026 3337 reprehendente,
1059 3283 1182 3337 quod
1215 3296 1373 3327 sanum
1407 3288 1452 3328 et
1483 3282 1880 3340 irreprehensibile
1914 3286 1996 3326 est.

280 3346 369 3392 Sed
400 3348 604 3405 relinquo
638 3352 684 3391 et
714 3344 803 3389 hoc
837 3344 1229 3404 considerandum,
1262 3361 1368 3392 num
1401 3347 1595 3392 tortasse
1625 3347 1897 3393 Plutarchus
1929 3347 1976 3390 in
2005 3357 2203 3402 persona
2231 3343 2364 3390 Lucii

106 3412 178 3457 sui
206 3411 510 3457 hallucinatus
540 3413 586 3457 in
618 3425 672 3457 eo
702 3412 852 3467 fuerit,
885 3419 949 3469 ut,
983 3428 1083 3459 cum
1117 3414 1265 3460 locum
1296 3416 1502 3473 imaginis
1534 3416 1671 3461 vellet
1699 3416 2056 3473 reprehendere,
2090 3428 2174 3472 pro
2207 3427 2260 3460 eo
2291 3428 2368 3462 ae-

6 3509 8 3519 ,
51 3501 53 3507 -
109 3477 370 3534 qualitatem
403 3478 670 3535 angulorum
700 3476 1078 3534 reprehenderet,
1111 3485 1248 3534 atque
1281 3479 1346 3524 810
1378 3492 1503 3525 error
1535 3480 1654 3524 circa
1683 3479 1805 3525 hunc
1835 3480 1985 3526 locum
2014 3478 2224 3535 imaginis
2246 3492 2272 3525 a
2292 3494 2364 3527 me

108 3541 312 3589 detectus
344 3542 478 3588 etiam
511 3544 568 3588 ab
601 3543 796 3600 antiquis
827 3543 963 3588 fuerit
994 3545 1364 3591 animadversus?
1396 3545 1450 3591 Id
1479 3545 1518 3590 si
1550 3550 1640 3601 est,
1671 3544 1890 3602 mirabor,
1924 3545 2197 3590 exstinctam
2225 3544 2363 3592 inter-

101 3609 255 3655 medio
285 3615 488 3666 tempore
520 3608 658 3654 fuisse
689 3609 807 3655 hanc
838 3608 1068 3655 doctrinae
1099 3615 1285 3668 partem,
1318 3624 1418 3655 cum
1438 3608 1615 3667 reliqua
1638 3610 1890 3668 catoptrica
1910 3609 1967 3655 ad
1988 3624 2071 3656 nos
2092 3611 2364 3668 pervenerit.

54 3679 58 3721 ἰ
106 3672 201 3719 11110
232 3674 384 3731 potius
416 3686 504 3717 non
535 3674 743 3721 mirabor.
804 3678 919 3723 Nam
951 3678 1051 3735 quis
1082 3678 1126 3723 in
1159 3683 1286 3723 tanta
1317 3676 1418 3723 luce
1447 3676 1696 3734 literarum,
1730 3680 1859 3721 tanta
1890 3675 2148 3723 curiositate
2168 3677 2363 3736 publica,

56 3743 57 3748 ’
106 3751 190 3798 per
217 3739 304 3786 hos
334 3740 392 3785 26
423 3752 564 3784 0111108
596 3741 784 3799 exstitit,
817 3742 893 3799 qui
926 3756 1123 3789 errorem
1156 3756 1182 3788 a
1212 3756 1283 3788 me
1316 3743 1671 3788 demonstratum
1703 3742 1773 3788 vel
1793 3747 2064 3800 agnosceret
2094 3743 2166 3790 vel
2195 3744 2242 3789 in
2263 3757 2363 3790 aca-

58 3863 60 3875 1
109 3802 264 3851 (10111118
296 3806 432 3863 inque
463 3803 589 3851 libris
619 3805 949 3864 philosophicis
980 3809 1038 3853 ad
1068 3807 1316 3865 juvandum
1347 3805 1599 3864 profectum
1631 3805 1858 3864 publicum
1892 3807 2217 3865 redargueret?

282 3870 354 3917 22.
385 3869 549 3931 Tangit
578 3871 815 3930 pulchrum
847 3872 1001 3921 ludum
1033 3873 1246 3933 opticum,
1278 3873 1364 3919 etsi
1394 3873 1585 3919 retorsio
1617 3871 1730 3919 haec
1760 3873 1870 3920 nihil
1901 3873 2097 3934 proficit.
2151 3875 2251 3922 Sint
2271 3873 2361 3921 duo
