2652 4088
325 194 433 258 244
915 191 1202 240 Collectanea
1232 203 1290 238 ex
1318 190 1550 238 codicibus
1579 190 1969 238 PulkoviensibuS.

327 343 557 398 ditionem
595 340 929 395 tantummodo
981 340 1044 393 ad
1079 340 1374 392 anomaliam
1426 342 1652 400 emendi,
1704 341 1795 400 etsi
1847 339 2106 389 distantiae
2150 339 2248 396 sint
2298 339 2360 388 ad
2407 356 2569 390 enom.

327 422 660 479 coaequatam.
729 414 1010 463 Differentia
1048 421 1227 474 autem,
1267 427 1413 475 quam
1441 412 1565 474 dixi,
1604 413 1827 462 binarum
1865 413 2196 475 oppositarum
2235 412 2572 469 distantiarum

326 496 400 546 est
436 487 555 536 nihil
594 485 728 538 aliud
767 501 912 551 quam
939 488 1072 536 sinus
1099 488 1405 549 aequationis
1431 484 1494 536 ad
1521 485 1926 550 complementum
1953 485 2226 542 anomaliae
2255 493 2569 548 coaequatae.

397 752 612 810 Operae
647 750 896 808 pretium
935 750 1023 796 est
1058 747 1256 805 videre
1270 783 1285 807 ,
1322 753 1537 809 quanta
1573 751 1773 803 futura
1809 750 1885 798 sit
1922 749 2190 810 aequatio
2226 749 2486 803 maxima.

497 851 731 900 Binorum
780 851 1112 913 oppositorum
1159 864 1218 896 ex
1255 848 1370 899 Sole
1409 864 1608 899 arcuum
1655 864 1743 899 seu
1781 848 2018 912 graduum
2071 852 2277 898 eccentri
2329 849 2575 902 anomalia

326 922 533 986 simplex
573 930 646 973 est
684 924 860 988 exiguo
898 924 1055 975 minor
1085 929 1113 971 2
1142 920 1373 983 gradibus
1412 923 1536 971 infra
1575 927 1641 976 45
1677 923 1894 984 gradum,
1934 922 2090 984 maj0r
2114 937 2261 985 supra
2285 921 2428 972 hunc.
2492 921 2577 969 Id-

327 1011 420 1059 que
474 1011 570 1044 non
625 996 759 1056 inde,
813 995 943 1057 quod
996 995 1068 1041 illi
1117 994 1212 1042 duo
1261 994 1442 1058 gradus
1490 1009 1548 1043 ex
1588 1003 1751 1044 centro
1800 996 2052 1044 eccentrici
2100 1009 2195 1042 non
2249 1001 2575 1057 opponuntur,

325 1083 537 1135 namque
577 1083 736 1131 neque
773 1068 844 1122 illi
900 1074 1235 1131 opponuntur,
1290 1069 1371 1130 qui
1420 1068 1711 1116 anomaliam
1760 1067 1942 1117 habent
1988 1067 2219 1130 majorem
2260 1073 2288 1116 2
2329 1067 2576 1129 gradibus,

327 1142 413 1191 sed
454 1141 579 1201 ideo,
621 1144 736 1204 quia
771 1142 1022 1205 propiores
1060 1147 1173 1190 sunt
1205 1140 1413 1202 junctim
1445 1148 1614 1190 centro
1666 1142 1878 1191 virtutis.
1954 1140 2069 1189 Jam
2109 1141 2156 1188 in
2196 1154 2418 1203 apogaeo
2458 1139 2577 1188 hac-

323 1222 468 1267 tenus
507 1215 762 1278 probatum
803 1222 890 1273 est,
931 1214 1000 1261 ita
1038 1227 1145 1263 esse
1185 1227 1348 1264 arcum
1387 1216 1597 1275 ecceutri
1635 1213 1698 1263 ad
1736 1213 2029 1263 anomaliam
2067 1213 2361 1276 simplicem,
2415 1219 2467 1261 ut
2506 1218 2578 1261 est

329 1286 510 1350 gradus
550 1302 675 1336 unus
714 1286 988 1338 anomaliae
1036 1293 1335 1347 coaequatae
1374 1285 1436 1335 ad
1487 1300 1628 1337 suum
1676 1301 1839 1336 arcum
1879 1287 2103 1337 eccentri.
2181 1285 2341 1347 Quare
2382 1299 2488 1337 cum
2529 1286 2578 1338 iu.

329 1361 552 1415 omuibus
591 1361 799 1414 avcubus
837 1374 977 1413 arcus
1017 1360 1223 1411 eecentri
1262 1361 1327 1409 sit
1365 1358 1575 1409 medium
1613 1360 1973 1422 proportionale
2013 1361 2134 1407 inter
2173 1372 2336 1408 arwm
2374 1372 2579 1408 anoma-

330 1431 426 1481 liae
467 1441 765 1495 coaequatae
805 1439 853 1481 et
890 1431 1183 1480 anomaliam
1221 1431 1514 1495 simplicem,
1566 1435 1657 1483 crit
1704 1434 1871 1495 utique
1920 1432 2074 1481 altera
2121 1447 2232 1494 pars
2268 1433 2578 1494 :certationis

331 1520 521 1568 semper
559 1508 736 1568 exiguo
774 1505 930 1567 major
969 1507 1015 1552 in
1055 1518 1300 1568 apogaeo,
1346 1507 1501 1562 minat
1549 1506 1597 1562 in
1636 1508 1880 1569 perigan.
1957 1505 2141 1568 Quodsi
2183 1504 2454 1567 duplicetur
2492 1519 2579 1552 ae-

329 1580 496 1641 quatio
536 1580 768 1639 eccentri,
823 1593 1012 1640 semper
1050 1580 1207 1625 minus
1245 1580 1591 1637 nanciscemur,
1633 1578 1718 1627 sed
1758 1580 1950 1641 exiguo,
2025 1578 2149 1626 Nam
2189 1581 2398 1626 maxima
2438 1576 2578 1625 diffe-

325 1651 480 1699 rentia
520 1653 665 1699 estin
694 1665 939 1714 apogan,
980 1651 1062 1698 ubi
1102 1652 1301 1702 minima
1338 1658 1412 1700 est
1448 1653 1678 1713 aequatio
1692 1688 1707 1716 ‚
1746 1651 1858 1700 inde
1897 1652 2052 1714 magis
2091 1653 2344 1712 magisque
2386 1649 2578 1699 decres-

327 1725 405 1773 cit.
484 1723 607 1772 Cum
645 1738 760 1786 ergo
798 1738 989 1785 semper
1025 1722 1134 1786 plus
1172 1723 1351 1772 habeat
1396 1724 1550 1772 altera
1598 1740 1710 1787 pars
1750 1726 2083 1787 aequationis,
2141 1723 2340 1773 totidem
2380 1736 2577 1771 numero

325 1802 488 1859 partes
527 1796 861 1844 accumulatae
910 1798 957 1842 iu
1009 1796 1255 1844 anomalia
1301 1796 1462 1844 media
1511 1797 1620 1859 plus
1662 1796 1828 1845 itidem
1881 1797 2141 1857 haberent,
2196 1798 2287 1844 nisi
2333 1796 2437 1858 jam
2487 1795 2579 1844 hoc
2643 1826 2646 1830 ι

326 1869 530 1917 alterum
569 1868 835 1928 accederet,
879 1867 1008 1931 quod
1048 1870 1174 1917 circa
1212 1868 1505 1917 anomaliam
1546 1869 1771 1930 mediam,
1812 1883 1879 1919 sc.
1907 1877 2018 1932 post
2059 1868 2166 1929 45⁰,
2208 1871 2314 1932 ipsa
2352 1882 2463 1932 pars
2503 1870 2579 1915 in·
2644 1887 2646 1893 ’

327 1948 463 2004 tegro
501 1940 656 2004 gradu
696 1941 861 1990 debita
898 1941 1258 2010 minus-habet.
1312 1942 1389 1989 Ita
1426 1930 1580 1991 altera
1618 1957 1769 1991 causa
1807 1941 2009 1991 alteram
2059 1941 2200 1991 tollit.
2264 1941 2579 1991 Desidet-atur

326 2021 487 2063 tamen
529 2013 890 2074 demonstrati0‚
933 2029 992 2062 an
1021 2015 1235 2077 praecise
1262 2013 1584 2078 duplicandae
1623 2018 1719 2063 sint
1758 2029 1924 2064 omnes
1949 2014 2309 2078 aequationes‘?
2364 2014 2576 2063 Primum
2616 2018 2619 2021 ’

324 2095 379 2136 ut
417 2089 608 2137 brevior
659 2087 888 2136 distantia
938 2102 997 2135 ex
1036 2089 1275 2150 oppositis
1323 2090 1595 2151 composita
1640 2087 1703 2137 ad
1742 2087 2023 2142 distantiam
2069 2103 2156 2153 per
2206 2102 2479 2151 apogaeum
2531 2093 2579 2136 et

323 2163 619 2224 perigaeum,
658 2162 728 2208 sic
765 2159 1011 2209 anomalia
1047 2160 1253 2223 simplex
1291 2163 1505 2224 suscepti
1545 2175 1682 2210 arcus
1708 2162 1915 2211 eccentri
1954 2161 2016 2210 ad
2056 2161 2349 2211 anomaliam
2388 2159 2577 2224 simpli·-

326 2249 430 2289 cem
478 2233 740 2283 consimilis
789 2248 928 2282 arcus
977 2235 1023 2280 in
1076 2247 1312 2296 apogaeo.
1389 2233 1578 2285 Deinde
1631 2240 1685 2294 ut
1733 2233 1915 2298 gradus
1962 2240 2261 2299 coaequatae
2311 2233 2373 2287 ad
2413 2247 2577 2288 areum

326 2308 548 2365 eccentri,
587 2308 657 2355 sic
694 2306 773 2354 hic
810 2305 872 2354 ad
910 2305 1223 2355 anomaliam.
1297 2306 1411 2369 (Est
1447 2307 1618 2370 regula
1655 2310 1884 2372 septem.)
1956 2340 1964 2348 -

499 2379 809 2442 Coaequatus
848 2394 932 2441 per
968 2394 1107 2428 suam
1147 2378 1425 2429 distantiam
1454 2387 1500 2429 et
1526 2394 1690 2429 arcum
1730 2381 1938 2430 eccentri
1979 2380 2060 2429 dat
2099 2395 2236 2429 suam
2265 2378 2574 2440 anomaliam,

327 2450 450 2515 quid
481 2451 605 2501 alius
645 2460 942 2515 coaequatus
981 2466 1065 2517 per
1111 2452 1289 2504 suam?
1352 2453 1412 2502 Et
1449 2452 1619 2506 recidit
1656 2454 1703 2501 in
1742 2454 1958 2517 regulam
2007 2455 2236 2516 quinque.
2314 2453 2588 2510 Anomalia

325 2527 533 2574 eccentri
574 2539 658 2588 per
697 2526 974 2574 distantiam
1013 2540 1285 2588 apogaeam
1325 2525 1409 2574 dat
1446 2541 1582 2574 suam
1623 2528 1918 2576 anomaliam
1973 2525 2266 2589 simplicem,
2319 2525 2436 2588 quid
2474 2526 2576 2582 alia

325 2597 571 2646 anomalia
609 2600 812 2646 eccentri
852 2613 937 2661 per
974 2612 1112 2646 suam
1152 2597 1466 2647 distantiam?
1523 2598 1647 2647 Tum
1688 2602 1880 2663 penitus
1920 2601 1967 2650 in
2009 2600 2278 2663 simplicem
2315 2601 2457 2648 trium
2495 2612 2575 2648 reo

326 2669 515 2732 gulam:
557 2670 787 2719 distantia
834 2685 1054 2733 apogaea
1093 2669 1176 2719 dat
1225 2671 1519 2720 anomaliam
1559 2673 1853 2736 simplicem,
1912 2672 2070 2735 qualis
2121 2672 2290 2721 ultimo
2339 2669 2573 2722 inventa?

329 2742 425 2792 Sed
463 2742 517 2791 fit
554 2743 647 2792 hoc
683 2749 826 2807 pacto
864 2743 1068 2792 circulus
1072 2780 1283 2794 ......
