2652 4088
556 1298 653 1391 lle
696 1322 967 1419 rerum
1012 1292 1522 1394 'Romanarum
1583 1302 1899 1417 origine.

106 1496 327 1555 Troia
376 1499 606 1558 condita
655 1517 707 1557 a.
757 1514 805 1556 a.
857 1498 915 1556 C.
970 1493 1133 1555 1482
1182 1514 1215 1556 a
1263 1498 1547 1558 Dardano,
1624 1499 2010 1560 Lavinium
2057 1501 2354 1561 conditum

106 1602 157 1644 a.
204 1602 253 1643 a.
304 1587 403 1644 Ch.
461 1585 622 1643 1180
685 1587 757 1644 ab
815 1585 1036 1645 Aenea.
1148 1587 1340 1645 Alba
1413 1589 1645 1673 condita
1712 1588 1875 1648 1150
1950 1591 2023 1648 ab
2087 1592 2355 1650 Ascanio.

703 1675 923 1734 Roma
973 1674 1205 1734 condita
1254 1672 1377 1734 752
1426 1694 1460 1735 a
1506 1677 1764 1735 Romulo.

551 1947 700 1996 Troia
737 1946 826 1994 fuit
865 1948 1087 2009 primum,
1125 1954 1238 2010 post
1276 1946 1390 1994 urbs
1429 1946 1639 1998 Lavinia
1675 1951 1825 2012 genti,

669 2020 799 2068 Alba
839 2019 965 2080 dein,
1003 2019 1198 2069 tandem
1239 2019 1435 2069 condita
1471 2020 1629 2071 Roma
1668 2023 1775 2072 fuit.

553 2094 843 2143 Tercentum
882 2107 1030 2155 regno
1071 2096 1205 2142 stetit
1242 2094 1357 2141 urbs
1396 2092 1609 2145 Troiana
1646 2111 1733 2160 per
1771 2110 1939 2158 annOS,

657 2166 919 2229 Imperium
957 2181 1094 2228 reges
1132 2176 1203 2214 ter
1241 2172 1437 2214 tenuere
1469 2168 1572 2214 duc.

553 2239 745 2289 Electra
782 2240 974 2301 genitus
1013 2239 1108 2287 fuit
1144 2241 1215 2287 illi
1252 2238 1512 2287 Dardanus
1550 2247 1734 2302 auctor,

656 2310 943 2377 Deserta(‘?)
981 2311 1227 2374 placidum
1245 2311 1312 2376 (‘?)
1355 2319 1454 2359 tum
1495 2318 1691 2364 tenuere
1729 2329 1918 2363 manus·

549 2386 767 2435 Dardani
806 2385 1165 2446 Erichthonius,
1207 2385 1330 2433 Tros
1370 2384 1514 2446 illius,
1557 2387 1685 2436 illius
1725 2387 1898 2437 haeres

658 2458 759 2507 Ilus
801 2464 848 2507 et
886 2458 966 2506 hic
1003 2461 1193 2521 genitor
1227 2458 1577 2508 Laomedontis
1617 2467 1735 2510 erat.

552 2530 763 2581 Ultimus
803 2538 850 2580 et
890 2533 1040 2579 vitam
1078 2531 1300 2581 Priamus
1342 2539 1389 2581 et
1426 2532 1638 2595 perdidit
1676 2535 1859 2595 urbem,

661 2605 970 2654 Samsonium
1007 2605 1221 2653 nondum
1262 2604 1400 2654 Gaza
1437 2607 1665 2667 gemebat
1704 2622 1841 2656 onus·

544 2678 797 2742 Reliquias
835 2679 992 2741 gentis
1031 2680 1202 2742 stygiis
1241 2680 1325 2727 vix
1361 2679 1530 2728 salvus
1569 2681 1631 2730 ab
1670 2680 1814 2729 undis

660 2753 853 2801 Aeneas
891 2750 1028 2799 Italis
1068 2754 1352 2800 exoneravit
1390 2754 1534 2815 agris,

546 2825 717 2875 Altera
755 2826 836 2874 sax
873 2824 1050 2887 Trojae
1088 2824 1290 2883 lugebat
1326 2825 1496 2874 funera
1535 2828 1720 2888 messiS‚

655 2897 770 2948 Jam
808 2913 940 2947 nova
979 2898 1213 2947 Laviniae
1253 2900 1446 2947 moenia
1485 2914 1684 2963 campus
1721 2900 1885 2950 habet.

550 2971 771 3034 Triginta
808 2973 994 3021 exactis
1033 2971 1231 3021 Aeneae
1271 2972 1399 3020 filius
1438 2976 1576 3021 annis

653 3045 879 3094 Albanae
919 3045 1158 3093 Ascanius
1198 3045 1419 3094 conditor
1458 3047 1590 3094 urbis
1629 3052 1748 3095 erat.

549 3116 686 3180 Quae
726 3118 926 3167 dederat
964 3132 1139 3166 nomen
1180 3124 1343 3167 teneat
1381 3118 1474 3166 sibi
1512 3119 1691 3168 semina
1728 3133 1930 3182 regnum

652 3190 782 3251 Sola,
824 3205 954 3239 nova
995 3191 1206 3239 Ascanio
1242 3191 1347 3252 jam
1385 3190 1549 3253 placet
1589 3192 1715 3240 Alba
1755 3207 1859 3241 suo,

545 3262 640 3313 Illa
677 3270 849 3326 quater
887 3270 1079 3312 centum
1117 3278 1254 3323 roges
1293 3269 1364 3311 ter
1403 3265 1618 3326 quinque
1656 3279 1742 3327 per
1779 3278 1934 3314 annos

655 3336 828 3384 Italiae
867 3342 1108 3398 sceptrum
1148 3337 1230 3397 qui
1268 3341 1479 3395 tenuere,
1520 3335 1645 3384 tulit.

545 3408 739 3471 Excipit
777 3409 1039 3456 Ascanium
1078 3421 1336 3470 germanus
1375 3407 1590 3471 Sylvius,
1631 3408 1714 3457 illo

654 3480 919 3543 Progenies
958 3482 1113 3528 omnis
1151 3482 1346 3528 nomine
1387 3480 1517 3529 dicta
1554 3481 1657 3539 fuit,

546 3550 745 3616 Sylvius
782 3553 995 3611 Aeneae,
1035 3553 1158 3614 perit
1194 3552 1273 3601 hie
1310 3552 1518 3602 haerede
1558 3552 1733 3601 Latino

655 3661 667 3673 .
699 3661 710 3673 .
740 3660 786 3674 ..
830 3624 1039 3673 Gilibois
1080 3623 1226 3673 Saule
1266 3623 1470 3674 cadente
1504 3625 1651 3687 jugis.

543 3697 799 3760 Tempore,
838 3711 935 3759 quo
973 3695 1205 3745 Salomon
1241 3710 1443 3759 regnum
1481 3699 1624 3761 capit,
1664 3697 1792 3747 Alba
1828 3696 1991 3747 Latini

654 3770 775 3819 Post
812 3770 952 3833 Atys,
993 3769 1104 3818 inde
1144 3769 1306 3833 Capys
1345 3778 1491 3833 atque
1531 3771 1743 3834 Capetus
1783 3776 1932 3820 erant.

544 3842 793 3906 Indigetat
830 3842 1086 3892 Tiberinus
1125 3857 1279 3905 aquas
1319 3844 1495 3907 quibus
1534 3845 1719 3893 interit:
1760 3843 1830 3892 illi

652 3915 914 3967 Successor
950 3930 1100 3980 reguo
1139 3915 1275 3965 sortis
1312 3918 1532 3981 Agrippa
1568 3917 1672 3967 suit.

1901 3999 1989 4045 14*
