2652 4088
1044 156 1091 210 in
1122 157 1241 211 Orbe
1270 162 1442 210 Lunae.
2293 154 2365 218 97

118 330 373 380 quousque
411 314 502 365 tibi
537 315 658 366 libet
694 315 923 379 ineptire,
971 317 1206 364 metuenti
1243 329 1274 363 a
1310 316 1459 364 tantis
1496 311 1768 362 fervoribus
1809 317 1857 360 et
1896 311 2252 360 continentibus
2290 313 2367 358 in-

113 390 527 438 flammationibus
553 406 584 438 a
609 390 738 451 Sole,
778 389 895 451 quin
921 387 1016 436 illis
1042 387 1266 436 undecim
1281 383 1349 454 85)
1388 387 1658 436 aestatibus
1685 399 2031 447 congressuum
2056 383 2227 434 Lunae
2255 398 2365 433 cum

115 462 231 511 Sole
270 464 476 525 opponis
515 465 720 526 primum
758 460 961 510 totidem
998 460 1269 524 pleniluuia
1299 463 1472 507 hiemes
1502 462 1759 520 referentia,
1793 457 2007 507 secundo
2045 459 2367 507 mutationum

114 538 420 583 intensionum
449 544 495 583 et
522 538 836 582 remissionum
867 536 1246 589 continuitatem,
1275 547 1400 596 quae
1423 533 1703 582 excessibus
1735 533 1912 579 duobus
1946 534 2197 593 contrariis,
2229 532 2370 581 brevi

114 609 347 671 temporis
382 610 541 671 spatio
580 607 964 670 circumscriptiS,
1002 612 1437 669 temperamentum
1474 619 1614 654 suum
1654 603 1898 665 conciliet,
1940 603 2168 668 quodque
2207 610 2282 654 est
2318 604 2368 651 in

117 681 351 730 alterutro
388 683 603 740 nimium,
643 680 693 728 id
731 680 907 738 demat,
947 679 1031 727 ubi
1069 679 1426 728 mediocritates
1466 679 1589 726 inter
1614 692 1856 738 excessuS,
1896 683 1950 724 ut
1986 692 2074 740 par
2112 684 2200 738 est,
2240 684 2368 726 tem-

114 756 313 817 periem,
352 756 514 803 vernis
550 755 727 801 nostris
753 753 1051 815 temporibus
1077 754 1435 816 appositissime
1470 751 1857 814 comparandam,
1886 750 2269 813 complectuntur
2281 747 2368 815 86).

289 826 479 875 Deinde
527 824 676 891 (Solis
726 825 915 887 radius)
968 825 1031 874 ad
1078 839 1168 874 nos
1219 825 1414 888 quidem
1466 823 1715 873 descendit
1764 838 1850 886 per
1896 827 2057 872 acrem
2106 823 2366 885 turbidum,

116 901 247 948 vires
285 900 462 948 fervori
499 913 755 946 assumens
793 900 855 947 ab
896 900 1342 961 evaporationibuS,
1387 902 1440 945 ut
1478 912 1507 945 a
1546 898 1723 960 quibus
1760 897 1844 945 ille
1882 896 2042 945 alitur.
2106 897 2216 946 Illic
2253 910 2369 945 vero

118 975 201 1020 aer
238 986 346 1020 cum
384 973 447 1020 sit
483 973 644 1019 tenuis
683 978 732 1020 et
770 971 942 1033 claruS,
984 971 1188 1035 dissipat
1223 970 1544 1020 radiationem
1583 975 1632 1019 et
1670 969 1908 1031 diffundit,
1949 975 2004 1017 ut
2030 984 2154 1033 quae
2195 984 2368 1033 corpus

115 1045 301 1094 invenit
335 1043 523 1093 nullum
538 1039 631 1111 ³⁷).

291 1117 454 1167 Silvas
493 1131 609 1166 vero
650 1122 698 1166 et
735 1117 917 1166 fructus
948 1120 996 1165 in
1024 1120 1159 1165 Luna
1189 1116 1268 1165 vel
1308 1117 1486 1165 imbres
1527 1114 1759 1177 educant,
1800 1114 1881 1163 vel
1918 1115 2080 1175 aliter,
2132 1119 2187 1162 ut
2225 1129 2372 1178 supra

121 1189 318 1240 Thebas
355 1205 506 1253 penes
543 1204 634 1238 vos
674 1195 722 1239 et
760 1193 887 1239 circa
924 1190 1134 1254 Syenen,
1174 1191 1213 1238 si
1250 1196 1377 1239 terra
1414 1190 1566 1247 aliqua
1622 1190 1663 1236 si
1699 1202 1795 1236 non
1822 1187 2102 1251 pluvialem,
2143 1194 2194 1236 at
2231 1190 2373 1236 terri-

119 1277 294 1327 genam
332 1263 583 1312 humorem
621 1264 855 1312 combibit
891 1264 1202 1325 ventulisquc
1243 1271 1290 1312 et
1325 1262 1514 1310 roribus
1552 1267 1810 1322 recreatur,
1851 1275 1947 1309 non
1987 1275 2094 1310 reor
2132 1275 2240 1309 cum
2271 1261 2373 1310 ulla

119 1343 381 1398 terrarum,
436 1351 562 1399 quae
602 1336 860 1399 plurimum
900 1336 1266 1399 compluuntur,
1322 1333 1652 1384 foecunditate
1700 1335 1819 1383 velit
1871 1335 2140 1398 comparari
2178 1340 2374 1397 propter

118 1409 384 1458 bonitatem
432 1409 678 1472 quandam
727 1415 776 1458 et
824 1411 1105 1472 temperiem
1152 1407 1460 1472 singularem.
1537 1408 1598 1455 Et
1646 1422 1762 1457 vero
1812 1423 1964 1470 penes
2015 1421 2105 1456 nos
2155 1407 2373 1470 ejusdem

119 1484 300 1545 speciei
337 1483 559 1546 plantae,
612 1485 654 1531 si
692 1482 887 1545 quidem
927 1483 1238 1532 vehementer
1275 1486 1553 1545 premantur
1592 1481 1765 1530 hiemis
1802 1482 2066 1543 rigoribuS,
2115 1476 2375 1529 feraciores

118 1563 231 1604 sunt
253 1555 532 1619 fructusque
561 1555 710 1604 edunt
734 1556 1056 1618 pulchrioreS,
1099 1561 1266 1605 contra
1303 1569 1420 1604 vero
1460 1556 1508 1601 in
1538 1553 1696 1618 Libya
1724 1560 1772 1603 et
1797 1554 1928 1618 apud
1956 1569 2045 1602 vos
2071 1555 2118 1600 in
2146 1553 2373 1618 Aegypto

119 1627 318 1678 eaedem
356 1629 546 1692 frigoris
595 1628 856 1678 admodum
903 1635 1016 1678 sunt
1053 1630 1362 1692 impatientes
1410 1634 1457 1677 et
1505 1627 1773 1677 imbecilles
1819 1628 1881 1676 ad
1929 1628 2114 1676 hiemes
2145 1629 2371 1675 ferendas.

121 1700 360 1751 Gedrosia
396 1716 513 1751 vero
555 1707 602 1750 et
641 1701 1014 1766 Troglodytica,
1054 1717 1182 1766 quae
1220 1701 1283 1750 ad
1322 1715 1557 1750 oceanum
1596 1700 1872 1763 descendit,
1922 1716 2032 1750 cum
2070 1702 2133 1750 sit
2171 1700 2375 1763 infrugi-

117 1775 221 1824 fera
258 1775 516 1838 nullasque
555 1777 750 1838 penitus
787 1777 983 1825 arbores
1011 1775 1262 1839 producat,
1303 1777 1352 1822 in
1381 1790 1437 1824 ea
1464 1781 1625 1823 tamen
1654 1780 1804 1837 parte,
1846 1789 1972 1838 quae
1997 1776 2117 1822 mari
2145 1776 2375 1836 contigua

35 1879 39 1889 ι
119 1855 194 1897 est
230 1848 433 1912 ejusque
470 1849 697 1896 fluctibus
736 1849 948 1910 alluitur,
987 1855 1115 1898 terra
1153 1850 1405 1897 nascentia
1441 1855 1554 1896 sunt
1591 1848 1940 1910 magnitudinis
1978 1847 2289 1896 admirandae
2331 1851 2379 1895 et

120 1935 179 1970 ex
217 1920 454 1983 profundo
494 1927 799 1983 enascuntur,
840 1937 1043 1985 quorum
1083 1922 1183 1971 alia
1208 1922 1382 1983 olivaS,
1421 1920 1520 1969 alia
1557 1921 1736 1983 lauruS,
1778 1922 1876 1971 alia
1903 1921 2049 1970 Isidis
2089 1923 2243 1969 crines
2283 1935 2374 1983 ap-

117 1993 359 2056 pellitant.
425 1993 564 2056 Quae
602 2010 718 2044 vero
757 2009 932 2044 nomeu
972 1995 1210 2045 habenta
1233 1994 1525 2044 reflectendo
1564 2009 1744 2057 amore,
1786 2010 1845 2044 ex
1884 2001 2010 2043 terra
2049 1994 2248 2044 evulsae
2275 2007 2373 2042 non

119 2074 307 2121 tantum
358 2068 637 2130 producunt·
680 2070 833 2116 vitam
884 2083 1174 2132 suspensae,
1231 2083 1376 2131 quam
1416 2068 1499 2116 diu
1538 2070 1647 2130 quis
1687 2068 1820 2129 vult,
1874 2068 1960 2117 sed
2000 2073 2048 2117 et
2084 2069 2371 2130 germinant,

121 2144 328 2188 desertae
360 2144 494 2188 etiam
525 2146 582 2190 ab
623 2144 810 2189 humore
843 2149 1071 2190 extraneo.
1146 2141 1379 2191 Seruntur
1428 2145 1590 2190 autem
1641 2141 1740 2190 alia
1795 2142 1992 2204 quidem
2036 2141 2221 2201 hieme,
2275 2140 2374 2190 alia

32 2273 33 2283 ἵ
117 2216 316 2276 vigente
356 2221 556 2275 aestate,
597 2221 651 2262 ut
687 2229 928 2263 sesamum
967 2221 1015 2263 et
1051 2217 1304 2278 panicum,
1357 2213 1525 2263 allium
1573 2229 1689 2264 vero
1741 2215 1821 2264 vel
1860 2216 2186 2277 centaurium,
2242 2213 2372 2278 quod

34 2347 35 2352 ¹
117 2288 159 2335 si
197 2289 245 2333 in
285 2287 463 2336 bonam
502 2294 550 2336 et
585 2290 815 2350 pinguem
855 2294 1112 2351 spargatur
1150 2295 1327 2338 terram
1363 2289 1642 2351 rigeturque
1685 2295 1732 2337 et
1769 2294 2142 2352 conspergatur,
2197 2287 2376 2337 deserit

33 2356 36 2371 ¹
119 2359 405 2423 qualitatem
443 2361 713 2410 naturalem
753 2367 802 2410 et
839 2363 967 2410 vires
1005 2376 1120 2410 suas
1161 2361 1393 2424 deperdit,
1434 2363 1651 2410 siccitate
1683 2361 1951 2425 gaudet‘et
1988 2364 2037 2419 in
2076 2368 2250 2409 natura
2287 2375 2378 2409 sua

118 2432 324 2496 proficit.
401 2432 617 2495 Quodsi,
658 2435 729 2482 uti
767 2434 951 2494 serunt,
1003 2435 1169 2498 aliqua
1207 2449 1267 2483 ne
1306 2449 1461 2483 rorem
1499 2434 1692 2497 quidem
1734 2435 1968 2495 tolerant,
2021 2440 2075 2483 ut
2113 2434 2375 2497 pleraeque

118 2505 315 2569 plantae
353 2505 626 2568 Arabicae,
679 2506 765 2556 sed
816 2507 1095 2556 humectata
1133 2514 1355 2557 arescunt
1394 2514 1442 2556 et
1476 2515 1701 2571 pereunt,
1754 2507 1871 2571 quid
1909 2510 2057 2571 igitur
2094 2510 2294 2569 mirum,
2335 2509 2377 2555 si

121 2580 169 2626 in
198 2579 338 2628 Luna
362 2587 626 2629 nascuntur
651 2580 861 2642 radices,
902 2582 1102 2641 semina,
1146 2581 1328 2642 silvae,
1369 2596 1493 2643 quae
1522 2595 1611 2630 nec
1637 2582 1817 2645 pluviis
1846 2581 2063 2645 indigent
2088 2596 2177 2630 nec
2201 2581 2375 2643 hieme,

125 2651 209 2701 sed
250 2654 297 2699 iu
336 2656 445 2702 ae‘re
485 2656 674 2703 aestivo
715 2659 763 2703 et
801 2656 934 2703 tenui
973 2653 1224 2703 commode
1261 2656 1568 2717 proveniunt.

299 2726 613 2788 Ecquomodo
653 2741 748 2774 non
788 2728 850 2775 sit
888 2734 1281 2790 consentaneum,
1323 2728 1548 2776 ventulos
1574 2729 1699 2788 oriri,
1743 2729 1825 2790 qui
1864 2728 2052 2777 Lunam
2092 2728 2262 2776 afflatu
2299 2733 2376 2776 te-

122 2797 238 2861 pido
276 2798 498 2861 foveant,
538 2806 587 2848 et
613 2802 943 2848 conversionis
969 2803 1201 2864 impetum
1227 2800 1461 2864 paulatim
1489 2802 1708 2849 comitari
1744 2816 1888 2850 auras
1926 2801 2072 2862 leneS,
2114 2816 2240 2864 quae
2281 2803 2377 2849 cir-

126 2871 373 2922 cumfusae
412 2880 461 2922 et
498 2873 744 2935 dispersae
783 2887 914 2922 rores
954 2882 1001 2923 et
1039 2874 1446 2923 humectationem
1486 2875 1726 2923 modicam
1766 2874 2008 2924 sufficiant
2058 2875 2376 2937 germinanti-

123 2940 339 3006 busssssY?
413 2946 576 3008 Atque
617 2948 763 2995 etiam
802 2948 957 3009 ipsam
1004 2954 1384 3010 temperamento
1432 2962 1538 2996 esse
1587 2961 1683 2995 non
1732 2949 1875 3012 igneo
1922 2962 2082 3010 neque
2131 2946 2373 3010 squalid0,

125 3017 211 3065 sed
262 3017 397 3066 molli
447 3027 495 3068 et
545 3019 769 3082 aquoso?
830 3019 979 3068 Nulla
1017 3022 1144 3069 enim
1195 3022 1256 3068 ab
1297 3021 1382 3068 illa
1430 3020 1492 3068 ad
1545 3035 1633 3069 nos
1683 3022 1840 3069 influit
1888 3022 2120 3070 siccitatis
2166 3021 2372 3081 affectio,

122 3089 276 3139 multa
314 3105 428 3140 vero
466 3092 768 3141 humiditatis
807 3099 854 3141 ct
891 3094 1127 3142 femineae
1167 3093 1432 3156 qualitatis,
1480 3097 1900 3156 augmentationes
1940 3095 2042 3143 scil.
2083 3093 2372 3156 plantarum,

127 3165 387 3224 coctiones,
427 3168 797 3226 putrefactiones‚
846 3168 1060 3215 carnium
1099 3167 1492 3216 effervescentiac
1519 3174 1567 3215 et
1590 3169 1896 3216 remissiones
1933 3169 2171 3226 vinorum,
2211 3166 2375 3214 molli-

126 3237 219 3285 ties
257 3235 513 3299 lignorum,
552 3240 725 3301 promti
764 3245 930 3302 partus
969 3238 1222 3287 mulierum
1239 3234 1325 3306 3⁹).

297 3309 481 3359 Vereor
519 3317 698 3371 autem,
738 3326 798 3360 ne
824 3311 1124 3360 Pharnacem
1159 3311 1262 3374 jam
1301 3311 1611 3374 tranquillum
1651 3326 1814 3360 rursus
1848 3313 2024 3360 irritem
2054 3314 2371 3374 excitemque,

127 3381 171 3429 si
212 3394 610 3445 commemorem,
649 3390 702 3431 ut
742 3398 953 3432 oceanus
992 3399 1107 3432 suos
1145 3384 1352 3433 affluxus
1392 3392 1439 3432 et
1476 3385 1817 3433 resorbitiones
1857 3387 1934 3446 (ut
1972 3386 2065 3447 ipsi
2088 3385 2372 3449 loquuntur)

115 3459 278 3516 utque
334 3454 457 3504 freta
503 3470 593 3504 sua
644 3458 938 3505 incrementa
989 3471 1019 3503 a
1069 3456 1210 3504 Luna
1254 3459 1490 3519 recipiant
1542 3463 1590 3505 et
1641 3466 1936 3517 augeantur,
1999 3457 2371 3507 humectationis

129 3538 277 3589 opera
292 3522 383 3595 ⁹⁰).
461 3526 622 3589 Quare
661 3527 723 3576 ad
763 3534 810 3576 te
848 3529 1011 3591 potius
1050 3535 1318 3594 convertar,
1358 3530 1649 3577 amicissime
1688 3529 1874 3580 Theon.
1949 3529 2024 3578 Tu
2065 3533 2190 3579 enim
2232 3546 2373 3580 enar-

124 3611 236 3647 rans
273 3599 393 3648 illud
433 3600 703 3649 Alcmanis:
749 3600 929 3662 „Jovis
965 3602 1142 3662 prolem,
1182 3615 1278 3660 ros,
1319 3602 1411 3650 alit
1449 3607 1494 3649 et
1520 3600 1701 3650 Lunae
1737 3602 1934 3664 divae“,
1974 3604 2116 3652 nobis
2145 3604 2372 3667 affirmas,

131 3671 264 3734 quod
302 3675 348 3720 in
388 3673 462 3721 bis
502 3677 660 3722 aerem
700 3679 843 3722 vocet
879 3672 1074 3734 Jovem,
1115 3680 1162 3721 ct
1202 3674 1331 3735 quod
1372 3674 1506 3721 illum
1546 3689 1575 3722 a
1602 3674 1741 3723 Luna
1779 3675 2105 3725 humectatum
2143 3679 2190 3726 in
2217 3693 2372 3727 rorem

129 3749 345 3795 converti
384 3742 619 3813 dicat⁹¹).
695 3746 871 3795 Parum
912 3746 1064 3806 abest,
1105 3760 1132 3794 o
1172 3748 1315 3807 socie,
1358 3749 1470 3808 quin
1512 3746 1743 3807 dicamus,
1784 3748 1915 3797 illam
1941 3748 2042 3798 Soli
2084 3754 2371 3800 contrariam

128 3813 306 3868 habere
343 3826 580 3881 naturam,
620 3820 799 3881 quippe
836 3833 934 3867 non
972 3826 1158 3867 tantum
1197 3834 1269 3879 ea,
1309 3835 1436 3883 quae
1474 3819 1552 3868 bic
1590 3820 1886 3870 condensare
1926 3828 1975 3871 et
2011 3825 2193 3874 siccare
2231 3824 2368 3885 solet,

133 3887 221 3940 ina
256 3892 534 3942 emolliendi
572 3898 620 3942 et
657 3890 954 3942 diffundendi
991 3898 1212 3942 naturam
1251 3892 1414 3955 habet,
1453 3891 1538 3942 sed
1579 3895 1724 3943 etiam
1761 3894 2025 3958 servorem,
2066 3900 2149 3961 qui
2189 3912 2219 3946 a
2256 3897 2370 3946 Sole

215 3973 371 4017 xeplert
396 3975 520 4018 oper·
542 3975 647 4010 vm.
1997 3979 2023 4023 7
