2652 4088
195 1427 203 1434 ,
289 1382 524 1425 secundus,
589 1411 602 1425 .
666 1414 676 1426 .
739 1384 794 1422 30
914 1385 984 1427 30,
1093 1384 1121 1422 4

296 185 404 242 270
888 181 1180 228 Collectanea
1210 192 1267 226 ex
1297 179 1528 228 codicibus
1557 179 1946 228 Pulkoviensibus.

468 333 636 382 Tertia
671 331 811 380 latini
850 330 1125 380 Calendarii
1163 345 1273 381 cum
1310 332 1485 394 graeco
1525 332 1864 380 convenientia
1900 330 1994 378 fuit
2031 329 2169 391 haec,
2209 328 2341 392 quod
2365 344 2544 379 anuum

296 406 358 453 ab
399 406 588 454 aestivo
627 403 838 453 solstitio
878 406 1190 468 incipiebant.
1270 403 1446 453 Graeci
1485 405 1613 451 enim
1651 403 1920 468 olympicos
1957 402 2099 451 ludos
2138 409 2310 465 quarto
2349 416 2543 465 quoque

295 492 421 526 anno
462 474 767 527 celebrarunt
816 478 906 526 sub
956 479 1148 526 initium
1194 478 1312 526 novi
1351 476 1466 524 anni
1503 477 1630 526 circa
1676 477 1963 536 solstitium,
2015 476 2079 524 ad
2128 476 2409 524 memoriam
2449 475 2543 524 diei

293 550 612 610 intercalariS,
653 551 736 612 qui
776 551 945 612 quinto
985 552 1161 613 cuique
1188 564 1315 598 anno
1344 549 1588 608 accrescit,
1629 549 1863 598 collectus
1903 563 1963 597 ex
2000 549 2257 611 superfluis
2298 546 2544 611 quadran-

293 623 442 672 tibus.
517 622 720 671 Latinos
760 622 888 671 idem
926 626 1140 672 tenuisse
1177 623 1412 685 probatur
1449 636 1509 669 ex
1546 621 1838 682 PlutarchO,
1879 623 1963 683 qui
2003 621 2234 682 affirmat,
2274 621 2542 670 Varronem

292 702 339 745 et
376 695 686 744 Tarruntium
725 694 921 743 Romuli
962 702 1010 745 et
1047 697 1189 745 Remi
1227 697 1534 744 nativitatem
1572 709 1805 757 reponere
1844 693 1907 742 ad
1949 699 2033 743 20.
2073 694 2388 758 Septembris,
2427 691 2544 741 Sole

294 770 342 815 in
385 766 479 817 290
511 770 565 833 ὅ
614 774 853 818 versante.
928 769 1001 817 Ex
1041 783 1138 831 quo
1177 770 1424 831 sequitur,
1479 765 1720 816 Calendas
1761 767 1965 816 Martias
2013 766 2144 815 illius
2196 768 2312 816 anni
2362 765 2543 814 habere

291 840 456 890 Solem
494 842 542 888 in
587 837 678 889 10⁰
704 838 800 907 ὓς
841 841 1047 890 Martius
1094 856 1209 891 vero
1261 842 1445 905 primus
1492 842 1670 888 mensis
1709 841 1824 888 anni
1871 840 1978 891 suit.
2054 839 2194 889 Haec
2231 840 2322 888 fuit
2360 853 2544 888 conve-

289 915 489 963 nientia.
566 913 675 962 Hoc
713 914 818 962 solo
860 914 1173 977 differebant,
1227 913 1359 977 quod
1397 913 1631 976 simplicis
1671 914 1784 961 anni
1822 913 2005 962 lunaris
2046 913 2367 976 quantitatem
2415 911 2543 960 aliae

289 991 565 1036 statuerunt
600 991 771 1049 gentes
809 989 912 1036 354
953 987 1152 1049 dierum,
1193 988 1359 1036 Latini
1396 1001 1512 1035 vero
1554 989 1656 1035 355
1698 985 1900 1046 dierum,
1940 1000 2067 1049 quae
2107 993 2180 1035 est
2217 987 2267 1033 in
2303 987 2373 1034 rei
2411 985 2542 1033 veri-

289 1066 390 1109 tate
440 1062 543 1109 354
592 1059 801 1121 dierum,
852 1061 1078 1110 horarum
1119 1066 1166 1109 9.
1240 1060 1360 1108 Plus
1406 1061 1555 1121 igitur
1605 1058 1905 1108 excedebant
1963 1059 2151 1122 justam
2201 1059 2540 1122 quantitatem,

291 1147 438 1196 quam
477 1133 561 1182 alii
602 1132 894 1182 defecerunt.
955 1133 1099 1183 Hanc
1138 1135 1252 1184 anni
1289 1147 1529 1182 summam
1569 1135 1672 1182 355
1714 1131 1898 1182 dierum
1935 1134 1978 1181 si
2016 1135 2064 1181 in
2094 1138 2157 1182 12
2184 1137 2348 1195 partes
2375 1130 2541 1180 distri-

291 1207 526 1264 buamus,
565 1220 677 1269 pars
715 1220 813 1256 una
851 1209 961 1257 erit:

1243 1277 1640 1341 Quotiescunque
1675 1293 1722 1327 n.
1763 1283 2082 1341 aggregatum
2120 1278 2348 1328 horarum
2394 1279 2443 1325 in
2471 1282 2538 1325 24

1241 1352 1387 1401 horas
1440 1353 1674 1411 accrevit,
1725 1351 1913 1413 integer
1960 1351 2064 1400 dies
2114 1352 2204 1400 suit
2251 1352 2538 1412 accensituS,

375 1441 449 1481 111.
521 1471 531 1481 ,
595 1472 604 1482 ,
667 1473 678 1483 ,
739 1442 795 1481 29
914 1443 985 1483 29,
1073 1413 1137 1481 19,
1244 1425 1472 1488 quodque
1509 1424 1668 1473 adhuc
1705 1438 1850 1487 super
1890 1429 1957 1472 24
1995 1425 2245 1487 superfuit,
2284 1423 2335 1472 id
2371 1430 2541 1489 poste-

376 1500 448 1540 1V.
520 1530 531 1542 .
593 1530 605 1541 .
665 1531 678 1544 .
740 1501 796 1541 30
915 1501 988 1544 30.
1095 1501 1139 1541 8.
1243 1499 1383 1548 rioris
1422 1499 1601 1546 mensis
1639 1497 1771 1545 horis
1808 1497 1899 1544 suit
1936 1496 2173 1547 additum.

375 1558 450 1658 V}
520 1587 531 1657 ζ
595 1586 607 1599 ·
668 1589 680 1600 ·
739 1560 796 1658 {g
914 1561 986 1659 ἐξ·
1065 1561 1138 1658 {3}
1418 1570 1556 1620 Haec
1593 1572 1742 1635 igitur
1766 1571 1857 1619 fuit
1882 1572 1997 1619 anni
2024 1572 2202 1622 veteris
2228 1569 2384 1620 forma
2407 1568 2539 1634 apud

354 1675 446 1715 v11.
517 1705 531 1718 .
594 1704 606 1715 .
665 1707 675 1719 .
737 1677 793 1717 30
913 1678 984 1719 30.
1093 1678 1136 1719 2.
1243 1642 1464 1693 Latinos.
1892 1717 1903 1729 .
2015 1707 2020 1711 ·
2078 1718 2089 1729 .
2525 1716 2536 1728 .

327 1733 446 1776 VIII.
518 1764 528 1774 .
590 1762 599 1771 .
662 1765 674 1778 ,
735 1737 792 1775 29
912 1737 986 1778 29,
1069 1737 1135 1775 16.
1413 1715 1528 1767 Jam
1567 1715 1725 1765 Roma
1763 1715 1959 1766 condita
1996 1722 2116 1766 satis
2164 1722 2378 1777 constat,
2425 1729 2539 1765 anni

376 1792 450 1834 IX.
520 1822 529 1833 .
590 1822 602 1834 .
664 1824 675 1835 .
737 1794 794 1834 30
913 1796 981 1835 30.
1094 1795 1136 1835 6.
1240 1788 1441 1837 formam
1489 1803 1596 1838 esse
1646 1794 1881 1839 mutatam
1933 1804 1963 1838 a
2009 1789 2236 1840 Romulo.
2323 1789 2539 1838 Primum

398 1849 439 1889 X
516 1880 526 1892 ·
589 1881 602 1893 ·
663 1881 676 1897 .
736 1854 793 1892 29
911 1855 983 1894 29.
1065 1854 1135 1893 20.
1241 1863 1356 1910 anni
1394 1867 1542 1925 caput
1579 1862 1642 1910 ab
1682 1864 1872 1912 aestivo
1898 1862 2110 1913 solstitio
2134 1863 2336 1914 retraxit
2360 1861 2424 1911 ad
2449 1876 2535 1912 ae·

357 1909 451 2007 {11}
513 1939 531 2011 J
735 1912 792 2011 gg
909 1913 982 2012 ssgj
1067 1913 1137 2011 lg:
1242 1937 1542 1997 quinoctium
1583 1950 1797 1996 vernum,
1837 1935 1970 1999 quod
2007 1937 2241 2000 probatur
2278 1951 2338 1987 ex
2363 1936 2538 1986 Pater-

287 1324 446 1376 primus
470 1319 689 1376 (Martius)
738 1325 794 1364 29
913 1325 967 1363 29
989 1323 1030 1366 d.
1066 1325 1119 1363 14
1141 1323 1180 1365 h.

1241 2007 1367 2066 culo,
1409 2023 1468 2057 ex
1506 2022 1603 2071 quo
1643 2023 1813 2058 versus
1853 2010 1971 2059 iste:

816 2078 939 2128 Urbi
973 2080 1130 2143 festus
1165 2087 1291 2142 erat,
1331 2081 1500 2130 dixere
1539 2082 1733 2131 Palilia
1767 2089 1955 2144 patres,

892 2153 991 2201 Hic
1025 2155 1226 2216 primus
1264 2157 1425 2217 coepit
1460 2155 1721 2204 moenibus
1757 2157 1832 2204 ire
1869 2155 1996 2204 dies.

459 2222 668 2274 Condita
717 2226 866 2288 igitur
911 2227 1025 2276 urbs
1064 2226 1319 2277 Palilibus.
1400 2227 1465 2276 At
1502 2227 1679 2277 Palilia
1718 2228 2087 2279 celebrabantur
2125 2226 2239 2277 Sole
2288 2228 2336 2275 in
2375 2227 2537 2276 Tauro

283 2302 525 2347 versante.
601 2297 659 2346 Id
696 2299 956 2362 probatur,
997 2300 1129 2363 quod
1169 2300 1340 2349 oculus
1378 2301 1552 2361 Tauri,
1594 2300 1725 2363 quod
1759 2300 1999 2351 Palilibus
2040 2302 2265 2363 oriretur,
2306 2299 2548 2351 Palilium.

282 2369 418 2419 sidus
445 2369 625 2419 dictum
652 2379 724 2420 est
751 2373 1034 2435 antiquitus.
1087 2372 1274 2422 Deinde
1302 2372 1480 2423 Palilia
1505 2374 1663 2422 Varro
1690 2375 1760 2423 ait
1784 2373 1916 2441 (2,1,
1937 2371 1989 2441 9)
2014 2373 2212 2434 Parilia,
2240 2373 2371 2437 quod
2399 2373 2535 2423 Deae

283 2443 394 2492 Pali
430 2457 517 2507 pro
559 2450 700 2507 partu
740 2459 972 2508 pecorum
1010 2445 1379 2509 supplicaretur.
1455 2447 1522 2495 At
1559 2449 1784 2510 pariunt,
1840 2446 1955 2496 Sole
2003 2449 2052 2495 in
2090 2447 2254 2496 Tauro
2293 2451 2535 2497 versante.

282 2515 398 2565 Jam
437 2515 615 2566 Palilia
651 2519 701 2566 in
740 2521 1071 2568 vetustissimo
1110 2519 1400 2569 Calendario
1438 2520 1707 2569 reseruntur
1744 2519 1807 2569 ad
1845 2519 1911 2571 II.
1941 2519 2044 2569 Cal.
2071 2519 2250 2583 Maias,
2292 2534 2407 2584 ergo
2445 2520 2537 2568 fuit

286 2588 447 2654 Aprili
485 2604 649 2640 mense
689 2590 774 2640 Sol
812 2593 860 2639 in
901 2592 1082 2653 Taur0,
1120 2591 1301 2641 Martio
1340 2594 1487 2656 igitur
1524 2594 1574 2640 in
1614 2593 1802 2643 Ariete:
1843 2593 1977 2656 quod
2013 2593 2107 2642 suit
2142 2593 2462 2656 probandum.

460 2659 629 2711 Utrum
670 2670 833 2713 autem
869 2663 1107 2714 Romulus
1145 2671 1334 2715 tantum
1365 2671 1429 2715 10
1457 2680 1648 2715 menses
1687 2679 1814 2715 anno
1853 2679 1943 2714 suo
1982 2666 2220 2727 statuerit,
2260 2668 2310 2715 in
2347 2671 2536 2716 utram-

286 2749 381 2798 que
418 2741 605 2798 partem
634 2737 930 2786 contendunt
955 2738 1284 2787 Romanarum
1311 2753 1469 2787 rerum
1495 2741 1772 2803 scriptoreS.
1836 2738 1994 2787 Credo
2021 2752 2128 2802 ege,
2168 2738 2256 2788 sed
2294 2740 2533 2799 existim0‚

285 2822 477 2858 meuses
525 2809 699 2860 fecisse
749 2810 1018 2873 longiores,
1073 2812 1284 2860 alternos
1326 2814 1390 2860 36
1433 2818 1480 2860 et
1519 2818 1584 2861 37
1628 2811 1836 2871 dierum,
1887 2811 2110 2875 neglecto
2150 2812 2318 2862 Lunae
2373 2826 2532 2862 cursu.

282 2881 360 2930 De
399 2882 557 2931 causis
598 2882 784 2940 denarii
820 2883 1035 2947 disputat
1063 2883 1269 2933 Ovidius
1305 2884 1346 2932 I.
1374 2885 1648 2946 Fastorum,
1689 2890 1737 2933 et
1775 2888 1901 2934 certe
1945 2889 2047 2934 365
2090 2885 2193 2935 dies
2233 2884 2534 2935 commodius

282 2953 435 3003 dividi
471 2969 568 3004 non
605 2961 834 3019 possunt,
888 2972 1034 3020 quam
1071 2959 1118 3004 in
1163 2962 1226 3005 10
1265 2962 1429 3020 partes
1467 2958 1744 3007 alternatim
1782 2957 2042 3019 aequales,
2095 2963 2151 3006 ut
2198 2959 2299 3007 bini
2346 2971 2535 3021 semper

281 3042 472 3077 menses
511 3033 708 3079 teneant
749 3035 812 3080 73
855 3029 972 3083 dies.
1045 3030 1306 3080 Rationem
1353 3029 1656 3094 indigetandi
1706 3035 1754 3081 et
1793 3030 2049 3080 ordinandi
2097 3045 2289 3084 menses
2328 3030 2536 3082 Ovidius

281 3099 357 3151 his
395 3102 617 3152 versibus
657 3102 1019 3167 complectitur:

666 3211 850 3261 Martis
888 3218 999 3261 erat
1031 3214 1236 3275 primus
1271 3213 1453 3261 mensis
1501 3211 1803 3274 Venerisque
1840 3213 2102 3276 secundus,

774 3286 913 3334 Haec
951 3288 1145 3348 yeneris
1175 3287 1430 3348 princeps,
1470 3287 1629 3347 ipsius
1665 3285 1748 3332 ille
1781 3292 1945 3347 pater.

678 3357 874 3406 Tertius
912 3374 945 3407 a
982 3359 1196 3420 senibus,
1227 3361 1484 3420 juvenum
1522 3356 1582 3406 de
1618 3360 1826 3407 nomine
1865 3364 2098 3422 quartus,

780 3430 924 3495 Quae
959 3435 1203 3495 sequitur,
1243 3447 1459 3481 numero
1494 3430 1650 3480 turba
1685 3437 1867 3481 notata
1901 3433 2022 3496 fuit.

280 3535 488 3586 Martius
526 3551 556 3585 a
593 3536 776 3598 Marte,
823 3539 1005 3602 Aprilis
1043 3541 1106 3589 ab
1146 3539 1409 3604 aperiendo
1446 3540 1553 3588 sive
1591 3539 1852 3602 pariendo,
1905 3555 1993 3589 seu
2032 3540 2142 3602 quis
2179 3537 2310 3589 dicat
2348 3537 2533 3603 Aprilis

283 3611 422 3672 quasi
459 3609 691 3672 Aphrilis.
767 3610 947 3661 Veneri
985 3616 1114 3662 enim
1151 3628 1328 3664 nomen
1366 3618 1440 3662 est
1476 3612 1539 3661 ab
1578 3609 1754 3677 ἀφρῳ,
1807 3628 1982 3676 spuma
2027 3613 2199 3674 mariS,
2249 3611 2379 3662 unde
2427 3617 2533 3661 orta
2628 3645 2631 3667 ,

281 3683 443 3732 fertur.
497 3682 663 3746 Majus
690 3699 720 3733 a
757 3685 1040 3748 majoribus,
1080 3685 1261 3736 Junius
1299 3702 1329 3735 a
1360 3685 1654 3749 junioribus,
1696 3684 1943 3748 Quintilis,
1985 3687 2101 3748 quia
2139 3686 2351 3748 quintus,
2391 3685 2535 3734 etsie
2625 3689 2629 3751 j

281 3769 425 3817 porro
465 3755 676 3817 SextiliS,
718 3756 1016 3820 September,
1060 3758 1286 3820 October,
1327 3758 1619 3818 November,
1660 3757 1948 3808 December.
2008 3759 2108 3807 Iste
2147 3759 2238 3807 fuit
2275 3761 2389 3807 anni
2416 3756 2533 3806 ulti-
2623 3755 2627 3822 j

282 3842 406 3888 mus,
447 3843 589 3890 quem
629 3836 828 3879 secutus
867 3837 941 3880 est
979 3831 1204 3893 MartiuS‚
1244 3833 1442 3881 alterius
1481 3832 1596 3879 anni
1632 3826 1862 3880 initium(
1901 3831 2064 3880 Lubet
2099 3831 2219 3879 mihi
2250 3829 2535 3896 παραδοξον
2623 3848 2625 3851 ·

281 3899 377 3950 hoc
414 3899 685 3966 defendere,
724 3902 846 3952 nihil
882 3903 977 3955 hac
1014 3907 1129 3955 anni
1152 3906 1307 3956 forma
1330 3903 1617 3968 simpliciuS,
1655 3903 1777 3953 nihil
1814 3905 2088 3968 aequalius,
2125 3903 2247 3953 nihil
2273 3902 2337 3954 ad
2362 3902 2531 3967 populi
2610 3910 2624 3965 *g
