2652 4088
1011 171 1049 221 1.
1079 167 1416 221 Mathematica.
2240 172 2345 233 195

0 322 9 329 ’
86 324 239 387 DCA,
264 323 417 387 KOA,
456 330 590 375 recta
626 338 815 390 nempe,
854 322 918 373 ad
960 323 1157 372 ductum
1195 322 1360 373 lateris
1385 322 1475 385 KI,
1503 323 1609 372 DF.
1673 322 1803 387 Ergo
1831 323 1999 387 anguli
2025 326 2160 375 recti.
2214 325 2346 378 Hine

36 426 37 429 =
86 399 352 449 affirmatur
393 405 455 449 21
498 405 548 449 et
587 400 652 448 36
691 399 741 446 in
779 398 906 446 thesi
944 403 992 446 et
1028 396 1304 461 hypothesi,
1346 403 1395 446 et
1434 402 1498 446 37
1542 403 1589 446 et
1617 401 1683 446 38
1725 397 2036 447 confirmatur
2073 401 2229 462 magis
2259 406 2344 452 46.

269 478 354 522 46.
396 471 566 521 Omnis
604 471 813 536 angulus
852 470 1038 520 solidus
1086 475 1115 519 2
1155 472 1300 518 rectis
1353 469 1510 534 planis
1551 476 1599 520 et
1635 484 1733 519 uno
1785 473 1923 520 vario
1971 474 2348 537 comprehensus

87 552 176 608 est,
214 551 321 595 tota
358 561 471 610 pars
498 546 572 596 ·de
611 551 641 595 2
667 546 810 594 rectis
838 543 1025 605 solidiS,
1067 549 1219 606 quota
1256 558 1368 607 pars
1410 543 1468 593 de
1509 546 1538 592 2
1578 545 1720 593 rectis
1759 543 1918 610 planis
1959 552 2031 595 est
2058 547 2139 597 ille
2163 550 2347 599 varius,

268 625 355 670 47.
395 619 448 668 Si
488 624 574 668 24.
612 633 783 669 verum
821 624 908 679 est,
950 619 1038 666 erit
1078 623 1126 666 et
1166 620 1249 666 35.
1291 631 1477 666 verum.

267 692 486 741 Ponatur
518 693 622 755 jam
662 706 829 740 verum
867 705 990 743 esse.
1064 689 1192 753 Ergo
1233 688 1349 738 FGI
1387 696 1436 739 et
1461 688 1601 738 DCK
1639 689 1882 740 efficerent
1922 690 2044 741 duos
2081 698 2253 756 rectos,
2295 700 2347 744 at

83 762 202 814 FGI
240 772 288 814 et
324 765 437 813 FBI
476 765 598 814 duos
637 765 851 814 efficiunt
887 771 1060 824 rectOS,
1100 777 1215 826 ergo
1254 762 1367 811 FBI
1393 768 1440 812 et
1466 762 1605 811 DCK
1646 770 1808 813 essent
1834 766 2081 827 aequaleS,
2123 767 2207 816 sed
2238 783 2349 817 cru-

84 853 189 886 rum
227 839 575 901 inaequalium.
639 838 824 887 Eodem
848 837 995 886 modo
1023 835 1137 885 FGI
1166 843 1213 885 et
1239 836 1384 884 DAK
1408 836 1724 900 proderentur
1764 839 2014 900 aequaleS‚
2054 840 2140 888 sed
2174 843 2348 891 iterum

0 952 2 978 ,
86 926 275 960 crurum
314 911 662 974 inaequalium.
738 911 847 960 Illic
886 913 1012 959 enim
1053 909 1317 971 scalenum,
1357 909 1437 958 hic
1474 909 1706 957 isosceles
1746 917 1819 959 est
1858 911 2171 974 triangulum.

264 983 318 1033 Si
355 984 462 1045 hoc,
503 984 711 1047 quilibet
748 984 957 1048 angulus
995 990 1288 1047 aequaretur
1326 997 1415 1031 suo
1454 981 1594 1031 lateri
1623 985 1864 1046 opposito,
1931 984 1998 1032 At
2026 984 2117 1034 hoc
2155 987 2347 1051 falsum,

86 1071 202 1121 crgo
240 1059 385 1107 etiam
425 1059 585 1121 priora
624 1058 802 1105 omnia.

0 1142 34 1186 ti.
266 1135 350 1180 48.
390 1129 608 1180 Residua
646 1130 976 1193 quadrilatera
1015 1143 1073 1177 ex
1111 1129 1264 1176 tribus
1303 1126 1641 1177 tantummodo
1692 1129 1951 1193 triangulis
1990 1136 2103 1180 sunt
2143 1146 2348 1197 compo-

8 1248 9 1258 ,
85 1204 197 1267 sita,
236 1205 307 1253 sic
346 1210 398 1252 ut
436 1218 584 1252 unum
624 1205 672 1250 in
711 1203 838 1251 binis
878 1201 1218 1264 quadrilateris
1256 1204 1538 1265 reperiatur.

8 1277 9 1280 ’
267 1282 349 1326 49.
391 1275 568 1325 Omnia
605 1276 689 1325 illa
726 1278 820 1324 tria
857 1277 906 1322 in
945 1289 1042 1323 uno
1082 1274 1389 1323 semicirculo
1428 1280 1554 1322 sunt.

267 1355 350 1400 50.
390 1349 468 1398 An
507 1356 562 1397 ut
598 1349 728 1398 latus
766 1348 942 1413 triplex
980 1347 1216 1409 solidum,
1271 1362 1360 1396 seu
1400 1348 1825 1396 commissurarum
1864 1348 1927 1397 ad
1966 1348 2094 1398 latus
2136 1350 2342 1400 alterum

11 1446 13 1458 τ
86 1424 213 1473 circa
251 1431 449 1484 rectum,
491 1422 622 1486 quod
658 1423 808 1471 habet
846 1421 1054 1485 aequale
1093 1384 1227 1470 aliud
1265 1423 1315 1468 in
1353 1422 1520 1485 primis
1561 1426 1589 1470 3
1633 1421 1987 1483 quadrilateris,
2030 1424 2100 1472 sic
2139 1426 2188 1471 in
2227 1425 2346 1473 reli-

14 1527 17 1566 1
83 1498 193 1560 quis
230 1496 570 1562 quadrilateris
610 1496 867 1560 diagonius
905 1494 1080 1560 triplex
1118 1494 1182 1543 ad
1222 1494 1479 1559 diagonios
1517 1494 1760 1557 reliquoS,
1801 1498 1988 1545 ratione
2029 1512 2218 1562 semper
2258 1513 2349 1564 op-

16 1596 17 1636 ,
82 1573 244 1636 posita
281 1577 331 1619 et
368 1570 621 1619 vicissim?

263 1644 441 1692 Tribus
480 1659 594 1706 ergo
636 1642 761 1692 datis
799 1642 1034 1692 lateribus
1060 1639 1236 1689 dantur
1260 1646 1357 1689 tres
1383 1641 1647 1689 subtensae
1687 1639 1890 1703 ejusque
1930 1644 2167 1693 rectilinei
2194 1647 2351 1693 trian-

18 1715 21 1762 J=
84 1717 186 1780 guli
223 1732 309 1782 per
360 1719 775 1782 computationem
824 1716 1033 1764 facilem.
1110 1714 1446 1778 Excerpuntur
1498 1716 1646 1763 etiam
1693 1714 2023 1764 semilaterum
2076 1724 2349 1781 tangentes,

20 1792 23 1858 '¹
78 1798 303 1840 'secantes
342 1797 390 1840 et
428 1793 563 1839 sinus
618 1790 1094 1855 complementorum.
1171 1786 1237 1836 Ut
1277 1801 1391 1851 ergo
1432 1788 1522 1836 sin.
1565 1786 1735 1851 co'mpl.
1775 1789 1916 1851 primi
1964 1789 2129 1839 lateris
2168 1793 2231 1840 ad
2271 1808 2353 1842 se-

23 1908 25 1919 ,
76 1863 279 1914 ’ωἰεεθω
317 1866 598 1919 subtensam
637 1867 766 1912 tertii
803 1864 994 1923 lateris,
1049 1864 1119 1910 ita
1157 1875 1329 1909 secans
1377 1863 1519 1925 primi
1567 1860 1854 1909 semilateris
1894 1862 1956 1909 ad
2002 1878 2149 1912 unam
2189 1873 2350 1916 extre-

71 1936 294 1998 marum,
346 1953 519 1988 secans
558 1938 758 1986 secundi
799 1936 1085 1985 semilateris
1125 1934 1187 1983 ad
1227 1934 1443 1986 alteram.
1494 1934 1650 1984 ‘Nihil
1690 1940 1776 1982 est.
1853 1934 1959 1984 Nisi
2001 1939 2349 2003 compendiose

25 2006 28 2052 ἓ
75 2011 327 2061 inveneris
367 2011 622 2075 diagonios
661 2010 881 2060 residuos
921 2015 1007 2077 ant
1045 2008 1251 2071 angulos
1291 2009 1557 2072 oppositOS,
1599 2007 1719 2055 nihil
1759 2009 1974 2057 effecisti.

27 2137 31 2160 ³
64 2080 73 2093 ”
267 2085 410 2134 Datis
449 2086 604 2133 tribus
642 2084 876 2132 lateribus
914 2097 1000 2148 pro
1039 2080 1332 2131 inveniendo
1371 2082 1576 2144 angulo,
1620 2081 1760 2129 datur
1798 2081 1886 2129 AB
1899 2119 1913 2143 ,
1955 2084 2090 2132 sinus
2132 2087 2348 2150 comple-

82 2160 231 2207 menti
272 2158 558 2207 semilateris
598 2160 757 2219 unius,
798 2157 885 2205 AG
911 2156 1109 2205 alterius
1149 2154 1453 2214 semilateris,
1495 2155 1577 2203 BC
1604 2155 1961 2204 semisubtensa
1998 2157 2162 2206 lateris
2202 2162 2347 2208 tertii.

31 2229 213 2280 :Hinc
262 2234 311 2278 in
360 2232 609 2280 rectilineo
660 2230 867 2294 angulus
905 2230 1037 2278 BAG
1086 2230 1348 2292 quaeritur.
1427 2229 1487 2276 Et
1533 2228 1634 2290 jam
1675 2243 1734 2277 ex
1773 2227 1882 2288 EA,
1926 2230 2018 2278 AD
2069 2235 2347 2282 secantibus

34 2348 35 2368 ,
73 2303 287 2354 'duorum
340 2305 670 2355 semilaterum
723 2305 849 2352 datis
897 2318 1005 2352 cum
1055 2305 1253 2351 invento
1293 2302 1430 2349 EAD
1471 2301 1668 2364 angulo,
1711 2305 1960 2364 quaeritur
1999 2304 2105 2353 ΕΙ).
2183 2306 2348 2355 Tertio

33 2370 36 2378 Δ
86 2392 146 2428 ex
191 2379 281 2427 ΕΙ)
329 2387 378 2428 et
430 2385 459 2428 2
512 2378 826 2442 tangentibus
875 2377 1080 2425 duorum
1130 2375 1457 2425 semilaterum
1505 2376 1754 2437 quaeritur
1803 2377 2012 2437 angulus
2064 2379 2349 2442 imperatus,

35 2448 39 2470 ¹
74 2449 181 2501 via
217 2451 362 2502 valde
401 2452 603 2516 prolixa
672 2451 848 2499 Aliter:
891 2451 995 2511 AB,
1038 2450 1124 2498 AC
1163 2451 1225 2498 sit
1262 2449 1442 2509 radiuS,
1483 2447 1566 2497 BC
1603 2449 1835 2497 subtensa
1872 2449 2038 2498 lateris
2077 2454 2221 2513 tertii,
2263 2454 2350 2501 ΑΕ

38 2543 40 2551 ·
86 2538 257 2574 necans
311 2527 477 2575 lateris
528 2527 694 2584 unius,
747 2524 839 2572 AD
880 2523 1094 2572 alterius
1169 2523 1362 2571 Dantur
1401 2536 1515 2585 ergo
1556 2522 1658 2581 ΑΕ,
1702 2522 1821 2581 AD,
1876 2530 2097 2572 secantes
2147 2525 2352 2574 duorum

84 2595 289 2647 laterum
329 2601 455 2648 circa
494 2601 769 2662 quaesitum
810 2603 858 2646 et
895 2597 1030 2644 EAD
1071 2597 1307 2659 angulus,
1363 2610 1507 2658 quem
1557 2596 1752 2643 metitur
1799 2595 1925 2644 latus
1964 2599 2187 2659 tertium,
2238 2599 2353 2649 hinc

41 2686 45 2711 v
83 2660 292 2721 ¹liabetur
332 2673 434 2733 ΕΙ),
475 2671 607 2735 quod
647 2687 755 2721 cum
794 2671 1107 2734 tangentibus
1149 2675 1177 2719 2
1218 2670 1427 2718 laterum
1464 2668 1626 2734 prodit
1665 2670 1939 2731 quaesitum
1980 2672 2230 2734 angulum.

263 2745 581 2808 Triangulum
620 2753 724 2794 esto
763 2744 970 2793 laterum
1012 2743 1119 2806 31⁰,
1163 2741 1271 2802 320,
1314 2739 1423 2792 330.
1502 2742 1819 2804 Quaerendus
1860 2751 1932 2792 est
1972 2745 2182 2806 angulus
2224 2747 2347 2795 inter

46 2813 198 2879 810,
239 2817 347 2868 320.
424 2819 541 2867 Sum
582 2821 628 2866 in
669 2819 762 2867 hac
802 2819 1100 2882 suspicione,
1154 2815 1286 2879 quod
1340 2815 1752 2880 perpendicularis
1791 2831 1820 2864 a
1859 2816 1951 2866 fine
2004 2821 2249 2880 tangentis
2302 2826 2349 2868 et

85 2894 293 2940 secantis
330 2893 494 2941 lateris
520 2893 732 2955 majoris,
774 2891 984 2940 demissa
1022 2890 1083 2938 ad
1122 2889 1265 2940 finem
1304 2891 1549 2953 tangentis
1590 2896 1638 2938 et
1676 2891 1886 2938 secantis
1925 2890 2092 2940 lateris
2131 2894 2346 2955 minoris,

88 2963 231 3014 eadat
267 2965 726 3030 perpendiculariter
765 2964 827 3014 ad
866 2972 1142 3027 utrumque.

264 3038 526 3100 Negotium
567 3041 614 3086 in
651 3038 747 3087 hoc
787 3039 1033 3095 consistit,
1087 3044 1140 3085 ut
1179 3038 1409 3102 probetur
1446 3037 1494 3083 in
1537 3037 1666 3084 omni
1715 3035 1986 3097 tetrae‘dro,
2042 3038 2179 3099 cujus
2219 3053 2347 3088 unus

89 3110 293 3173 angulus
321 3112 505 3161 solidus
537 3111 727 3160 duobus
753 3112 912 3177 planis
951 3112 1094 3160 rectis
1133 3110 1387 3171 clauditur,
1427 3111 1569 3158 tertio
1610 3110 1760 3171 variO,
1804 3109 1925 3159 alter
1953 3111 2098 3159 etiam
2138 3112 2348 3174 angulus

88 3181 200 3234 talis
236 3188 539 3235 necessarius
579 3185 759 3236 evadit.

267 3258 497 3322 Tangeris
539 3258 632 3308 320
671 3286 738 3293 -
783 3261 1030 3306 6248693
1076 3284 1139 3293 --
1180 3270 1352 3305 secans
1397 3258 1676 3304 11791783

269 3331 499 3395 Tangeris
541 3329 634 3381 310
673 3359 743 3367 -
784 3334 1031 3379 6008606
1077 3357 1139 3365 -
1181 3343 1353 3378 secans
1399 3332 1701 3376 11666334.

89 3390 158 3454 Ut
199 3404 366 3454 radius
413 3405 475 3453 ad
522 3410 802 3468 tangentem
843 3398 958 3464 330,
1008 3404 1076 3451 ita
1120 3416 1291 3450 secans
1338 3402 1494 3449 minor
1541 3401 1728 3464 positus
1786 3398 1848 3447 ad
1900 3399 2347 3464 perpendicularem

64 3479 325 3542 ‚putatam

271 3551 500 3613 Tangens
541 3546 634 3599 330
663 3570 722 3590 =
757 3551 1031 3608 6494076;
1070 3552 1137 3609 tg.
1179 3545 1273 3596 330
1300 3553 1369 3604 ><
1397 3559 1491 3595 sec.
1523 3541 1617 3594 31⁰
1647 3565 1707 3585 =
1742 3549 2004 3596 7576204.

271 3623 346 3674 Sit
371 3630 439 3687 tg.
468 3620 562 3672 31⁰
591 3642 649 3662 =
687 3625 985 3681 10000000,
1015 3621 1104 3669 erit
1129 3623 1375 3668 7576204
1400 3623 1769 3667 :12608921
1808 3639 1867 3660 =
1899 3625 1962 3682 tg
1997 3616 2090 3669 51⁰
2118 3622 2204 3671 34‘
2227 3625 2346 3672 57“.

1042 3806 1376 3820 ——-—

1918 3983 1998 4030 13*
