2652 4088
271 166 379 224 162
868 160 1154 209 Collectanea
1183 177 1241 209 ex
1271 162 1503 209 codicibus
1531 157 1924 210 Pulkoviensibus.

441 314 591 364 Pares
628 314 772 362 bases
810 311 922 361 inde
956 311 1262 375 judicantur;
1302 311 1488 360 addunt
1523 304 1666 362 enim'
1688 315 1764 362 sni
1803 310 2072 361 dimidium.
2111 311 2239 375 Ergo
2278 309 2338 361 de
2366 317 2397 361 4
2434 311 2523 360 fiat

271 388 472 453 duplum
512 391 560 448 8,
601 385 728 434 adde
768 384 1022 433 dimidium
1063 390 1111 445 4,
1150 384 1198 432 h.
1239 398 1279 433 e.
1323 390 1370 444 2,
1409 385 1531 433 fiunt
1572 393 1653 449 10,
1693 388 1912 449 trigonus
1951 383 2011 432 de
2051 389 2100 433 4.

439 461 550 507 Bini
588 458 793 521 proximi
833 459 1019 506 numeri
1059 457 1275 506 efficiunt
1312 456 1625 520 quadratum,
1665 460 1806 521 cujus
1841 457 1981 506 radix
2018 463 2092 504 est
2130 457 2262 506 basis
2301 459 2518 508 minoris,

270 532 548 595 Quadratus
587 538 750 580 autern
788 531 869 579 ille
907 530 961 578 fit
998 532 1154 592 impar
1192 529 1272 578 vel
1295 545 1384 592 par
1412 531 1626 580 alternis.
1680 533 1843 581 Causa
1870 531 1993 579 haec
2018 535 2107 588 est,
2148 533 2267 592 quia
2292 530 2344 577 hi
2368 531 2522 578 trian-

270 606 464 669 gulares
504 619 618 654 vere
656 619 755 652 non
793 611 907 651 sunt
944 602 1240 668 ι’σοπλευροι,
1281 603 1366 652 sed
1403 605 1671 667 rectanguli
1712 605 1984 661 ἱσοσκελεις,
2023 610 2229 664 possunt
2264 604 2414 665 igitur
2450 604 2521 651 ita

267 679 490 742 componi
528 678 644 736 bini,
685 685 738 724 ut
762 679 810 723 in
838 691 935 725 uno
963 678 1028 723 sit
1054 675 1301 736 diameter,
1342 678 1391 722 in
1418 675 1605 741 reliquo
1631 692 1745 728 non.
1797 677 1936 725 Tunc
1963 676 2108 737 igitur
2132 675 2186 723 fit
2212 675 2519 738 quadratum.

439 749 557 799 Jam
595 749 708 798 vide
746 749 888 810 mihi,
928 747 1059 812 quod
1101 754 1129 797 3
1173 756 1220 797 et
1250 755 1295 806 7,
1334 753 1521 798 numeri
1558 752 1715 813 primi,
1756 751 2057 799 constituunt
2093 749 2334 812 periectos
2375 753 2423 809 6,
2454 749 2521 798 28

264 823 661 887 proportionibus
701 827 750 883 2,
792 827 838 882 4,
879 837 941 870 an
980 823 1129 884 igitur
1166 828 1215 869 et
1251 821 1423 884 reliqui
1462 825 1603 885 primi
1643 821 1922 886 perfectos?
1959 821 2085 870 Non.

440 895 521 944 An
555 896 703 957 forte,
746 897 938 958 quoties
977 896 1229 957 proportio
1267 897 1441 957 prioris
1481 895 1631 959 dupla
1670 895 1778 944 est‘?
1838 895 1962 943 Non.
2034 894 2111 942 An
2149 894 2289 957 forte,
2330 895 2521 956 quoties

265 969 398 1017 basis
435 970 578 1032 primi
615 971 802 1018 numeri
842 975 890 1017 et
924 969 1174 1031 proportio
1211 970 1386 1031 prioris
1423 968 1679 1032 multiplex
1719 966 2045 1018 concurrunt?

325 1070 364 1109 A
394 1070 450 1111 23
480 1075 546 1110 est
575 1071 675 1123 276,
705 1082 827 1123 prop.
863 1071 935 1113 12.
1002 1069 1087 1110 276
1150 1072 1173 1110 1
1305 1069 1372 1110 An
1403 1072 1567 1121 quoties
1596 1074 1813 1124 proportio
1846 1073 1908 1108 cst
1937 1067 2089 1119 prioris
2122 1066 2353 1120 quadrata?

617 1127 731 1171 Non.
1002 1129 1085 1169 138
1147 1130 1175 1168 2
1481 1129 1606 1182 Prop.
1782 1128 1917 1169 Basis.
2094 1125 2267 1174 Triang,

1029 1188 1085 1227 92
1148 1189 1175 1228 3
1541 1190 1582 1228 2.
1848 1187 1890 1229 8.
2213 1186 2239 1224 6

1031 1246 1086 1285 69
1146 1248 1176 1286 4
1451 1219 1480 1316 Ξ
1539 1249 1582 1289 4.
1848 1246 1892 1286 7.
2183 1245 2240 1284 28

1029 1306 1087 1345 46
1148 1306 1174 1345 6
1451 1337 1480 1375 4
1514 1308 1582 1346 16.
1818 1306 1891 1346 31.
2151 1304 2238 1342 496

1512 1365 1582 1407 64.
1788 1364 1888 1404 127.
2123 1362 2254 1404 8128.
2285 1359 2391 1401 Non.

443 1450 522 1499 An
560 1450 750 1513 quoties
787 1451 920 1500 basis
960 1452 1102 1515 primi
1141 1454 1326 1501 numeri
1365 1459 1414 1501 et
1451 1454 1700 1516 proportio
1739 1452 1910 1515 prioris
1951 1448 2101 1513 dupla
2138 1449 2413 1498 concurrit?

354 1537 481 1588 PrOP.
599 1536 736 1577 Basis.
880 1537 991 1587 Τῆς.
1252 1539 1359 1578 Nam
1388 1541 1424 1579 si
1454 1541 1566 1579 basis
1597 1543 1658 1578 cst
1688 1550 1739 1578 ex
1771 1538 2028 1589 compositis,
2059 1534 2228 1587 plurimi
2249 1533 2351 1575 fient
2378 1536 2524 1575 multi-

445 1598 486 1638 1.
695 1597 732 1636 1.
998 1598 1037 1639 1.
1135 1597 1279 1650 plices.
1311 1610 1487 1651 quorum
1519 1609 1678 1637 summa
1708 1598 1926 1649 superabit
1957 1594 2126 1634 tandem
2160 1606 2391 1636 numerum.

441 1655 485 1697 2.
690 1655 731 1693 3.
998 1656 1038 1696 6.
1252 1656 1303 1696 In
1335 1658 1412 1696 hoc
1443 1656 1586 1696 ordine
1617 1657 1730 1695 basis
1760 1667 1922 1706 semper
1953 1652 2163 1703 colligitur
2194 1665 2243 1692 cx
2276 1651 2521 1704 multiplici-

440 1714 485 1756 4.
691 1713 732 1753 7.
966 1715 1040 1756 28.
1137 1717 1216 1755 bus
1247 1716 1530 1767 proportionis
1563 1720 1603 1754 ct
1632 1715 1807 1764 integra.
1867 1713 2014 1763 Ratio,
2048 1713 2148 1765 quia
2177 1712 2289 1751 basis
2322 1716 2384 1751 est
2415 1711 2524 1763 dup-

440 1772 482 1813 8.
654 1772 726 1812 15.
785 1782 867 1810 non
898 1773 1073 1824 primus.
1138 1772 1226 1814 lum
1254 1774 1555 1828 proportionis,
1586 1784 1670 1813 uno
1701 1773 1852 1812 minus.

413 1831 486 1871 16.
661 1831 734 1870 31.
938 1833 1041 1873 496.

415 1890 487 1932 32.
663 1890 732 1929 63.
792 1899 877 1927 non
907 1891 1082 1940 primus.

415 1949 485 1988 64.
636 1948 733 1988 127.
913 1949 1044 1990 8128.

387 2007 485 2049 128.
633 2007 734 2047 255.
795 2016 879 2045 non
909 2009 1083 2061 primuS.

386 2066 490 2108 256.
636 2066 739 2107 511.

385 2125 488 2166 512.
609 2125 738 2166 1023.

358 2184 486 2225 1024.
605 2183 735 2225 2047.
835 2155 1054 2227 209'1'5128.

442 2279 616 2342 Itaque
654 2279 918 2343 perfectum
957 2278 1107 2329 talem
1145 2294 1253 2330 esse
1294 2286 1498 2343 oportet,
1538 2279 1677 2343 cujus
1716 2286 1879 2344 partes
1918 2278 2211 2342 multiplices
2247 2278 2525 2341 proportio·
2564 2293 2571 2300 ·
2649 2289 2652 2310 ³

263 2354 339 2401 nis
378 2358 591 2415 aequent
631 2353 787 2414 basin,
828 2353 961 2416 quod
1000 2367 1099 2402 non
1124 2352 1180 2402 fit
1215 2355 1309 2401 nisi
1345 2355 1392 2401 in
1428 2355 1742 2416 proportione
1770 2352 1933 2416 dupla,
1975 2359 2172 2416 propter
2198 2351 2524 2400 conditionem

268 2427 455 2486 numeri
492 2425 818 2488 triangularis.
895 2425 991 2475 Vel
1030 2426 1177 2476 talem
1216 2441 1325 2476 esse
1353 2434 1559 2490 oportet,
1600 2434 1653 2475 ut
1679 2429 1721 2475 si
1748 2426 2000 2484 scribatur,
2041 2424 2230 2474 medius
2255 2427 2319 2473 sit
2343 2427 2526 2488 primus
2603 2463 2609 2475 ,

270 2505 320 2547 et
366 2500 536 2561 impar.
622 2499 802 2561 (Totus
855 2506 903 2548 et
949 2506 1112 2562 partes
1160 2506 1365 2563 excepta
1416 2502 1627 2548 unitate:
1685 2505 1731 2560 6,
1773 2504 1820 2559 3,
1862 2504 1922 2549 22
1964 2499 2057 2561 28,
2102 2504 2193 2560 14,
2236 2503 2290 2560 7,
2333 2503 2391 2560 4,
2433 2498 2525 2559 2.).
2605 2534 2608 2538 ,

274 2571 469 2621 Debent
506 2578 670 2620 autem
707 2587 898 2635 semper
935 2574 1106 2636 impari
1143 2587 1343 2622 numero
1384 2588 1490 2622 esse
1528 2579 1691 2636 partes
1727 2572 1836 2621 hae.

440 2643 539 2693 Sed
565 2644 779 2694 nondum
818 2647 1085 2695 arctissime
1112 2647 1356 2695 constricti
1381 2646 1605 2709 persecti3
1656 2660 1768 2694 nam
1809 2651 1857 2693 et
1899 2650 1958 2694 11
1999 2650 2089 2694 etc.
2132 2649 2338 2707 possunt
2375 2644 2524 2694 etiam

265 2716 574 2780 multiplicari
612 2720 769 2781 primi.
843 2718 997 2780 Igitur
1034 2718 1183 2780 adde,
1223 2717 1383 2768 medio
1422 2721 1654 2767 minorem
1692 2719 1909 2781 proxime
1961 2717 2135 2767 debere
2188 2731 2295 2767 esse
2334 2718 2518 2766 unitate

265 2790 498 2853 majorem
544 2790 743 2840 dimidio
793 2791 954 2840 medii.
1031 2790 1113 2840 Sic
1149 2807 1194 2839 n.
1234 2792 1439 2840 habebis
1489 2794 1718 2855 primurn,
1773 2793 1856 2854 qui
1907 2795 2086 2853 aequat
2134 2796 2297 2853 partes
2346 2788 2519 2839 multi-

262 2863 415 2927 plices
440 2866 658 2926 proxime
685 2866 897 2913 minoris.
950 2867 1113 2927 (2047
1143 2870 1218 2922 ><
1248 2870 1386 2913 1024
1413 2884 1485 2907 =
1513 2866 1761 2913 2096128
1789 2863 2100 2926 triangularis
2126 2863 2369 2927 perfectus
2407 2862 2518 2923 est.)

263 2936 374 2985 Non
422 2942 495 2985 est
542 2939 690 3000 igitur
740 2953 935 2998 verum,
989 2937 1121 3000 quod
1159 2937 1405 2997 dixerunt,
1455 2939 1505 2984 in
1553 2937 1773 2999 quolibet
1824 2937 2030 3000 decuplo
2069 2943 2333 2999 augmento
2369 2950 2519 2985 unum

267 3024 374 3060 esse
411 3009 693 3073 perfectum.
768 3010 894 3059 Nam
933 3013 1016 3073 qui
1056 3015 1086 3060 5
1127 3010 1208 3059 vel
1250 3016 1278 3059 6
1319 3012 1447 3058 notis
1485 3011 1739 3075 scribatur,
1776 3010 1937 3058 nullus
1978 3015 2066 3059 est.

438 3082 536 3132 Sed
574 3098 724 3146 quare
761 3084 1001 3147 perfectus
1039 3082 1202 3132 nullus
1240 3090 1327 3144 est,
1367 3083 1460 3131 nisi
1498 3084 1546 3129 in
1586 3085 1896 3146 proportione
1937 3082 2124 3146 dupla?
2163 3082 2376 3131 Primum
2413 3083 2522 3145 ipsa

263 3158 512 3219 proportio
560 3156 710 3220 dupla
757 3164 805 3206 et
855 3158 1162 3220 impermixta
1210 3171 1399 3219 semper
1448 3171 1593 3218 quam
1637 3158 1855 3219 proxime
1907 3163 1980 3207 est
2016 3155 2244 3219 perfecta.
2321 3155 2521 3219 Semper

264 3244 438 3293 nempe
476 3236 637 3292 partes
663 3229 953 3293 multiplices
981 3231 1316 3293 progressione
1354 3231 1649 3293 geometrica
1674 3229 1855 3280 collec-
1936 3231 2022 3295 j}—
2081 3229 2168 3293 —8-
2227 3230 2316 3292 ,12-
2374 3228 2460 3293 Ξ

264 3308 344 3353 tae
382 3317 620 3352 summam
658 3304 843 3353 faciunt
879 3305 1068 3352 unitate
1107 3305 1340 3352 minorem
1378 3308 1498 3351 toto.
1964 3305 1992 3343 2
2109 3303 2139 3341 4
2274 3303 2302 3342 8
2393 3301 2447 3341 16

438 3375 549 3425 Hoc
572 3378 642 3425 sic
667 3379 843 3440 posim,
884 3378 1144 3440 quaeritur,
1184 3375 1428 3439 quomodo
1467 3376 1628 3424 unitas
1654 3374 1740 3423 illa
1765 3375 1857 3425 ad·
1937 3366 2022 3427 ‚¹-
2110 3362 2138 3459 Ξ
2272 3363 2300 3459 ζ
2418 3359 2448 3458 2

262 3450 404 3513 jungi
441 3456 621 3512 posset,
660 3456 716 3498 ut
753 3452 800 3497 in
841 3454 924 3511 28,
968 3455 1049 3510 14,
1094 3456 1151 3512 7;
1200 3455 1248 3510 4,
1289 3455 1336 3510 2,
1380 3448 1448 3497 1⁶?
1496 3449 1775 3511 responsio:
1816 3450 1858 3496 si
1966 3437 1993 3476 3
2082 3477 2168 3484 -—
2275 3481 2300 3518 1
2418 3477 2447 3516 2

271 3526 336 3570 28
378 3522 705 3572 divideremus
740 3537 827 3586 per
867 3529 896 3572 2
939 3525 1182 3584 continue,
1220 3523 1391 3572 fierent
1431 3526 1511 3581 14,
1558 3527 1602 3582 7,
1643 3520 1727 3589 δὲ,
1770 3521 1850 3590 1Ξ,
2115 3494 2139 3534 ⁷
2231 3537 2317 3591 1—5
2424 3536 2447 3574 1

271 3593 368 3664 033
407 3610 595 3644 summa
631 3599 842 3658 partium
881 3596 1002 3666 27ὲ,
1043 3596 1123 3646 vel
1160 3602 1322 3659 partes
1364 3600 1393 3645 3
1433 3595 1724 3658 posteriores
1762 3594 1852 3644 fie-
2375 3592 2463 3648 Ξῖ

270 3673 377 3716 rent
417 3668 506 3737 δὲ,
555 3667 646 3720 def.
683 3666 746 3738 g,
797 3684 910 3717 nam
960 3670 1205 3718 debebant
1242 3683 1349 3718 esse
1391 3674 1437 3720 7.
1512 3667 1667 3730 Igitur
1702 3681 1789 3731 pro
1828 3669 1889 3717 iis
1927 3671 1970 3716 si
2017 3673 2269 3717 sumantur
2308 3672 2355 3726 4,
2397 3671 2444 3726 2,
2488 3670 2513 3714 1

267 3738 503 3789 habemus
546 3746 589 3789 7.
663 3742 788 3791 Nam
837 3743 888 3790 in
939 3747 970 3791 4
1008 3742 1119 3806 plus
1158 3747 1233 3791 est
1274 3741 1328 3810 ὲ,
1377 3743 1428 3789 in
1466 3746 1514 3802 2,
1556 3739 1616 3810 ὲ,
1653 3741 1704 3788 in
1747 3747 1792 3801 1,
1829 3741 1892 3810 3¹3,
1942 3755 2133 3790 summa
2180 3755 2279 3789 non
2330 3741 2547 3802 integra'

269 3814 446 3860 unitas.
520 3812 602 3862 Sic
638 3814 687 3861 in
726 3820 831 3863 tota
867 3817 990 3864 serie
1033 3819 1188 3876 1024,
1230 3818 1334 3865 512
1361 3850 1375 3868 .
1399 3850 1415 3864 .
1440 3850 1455 3869 .
1490 3812 1647 3876 usqu&
1683 3813 1734 3860 in
1775 3819 1800 3861 1
1844 3827 1941 3862 non
1980 3815 2170 3878 integra
2204 3814 2367 3862 unitas
2405 3811 2517 3877 plus

270 3883 513 3950 colligitur
539 3899 597 3936 ac
621 3888 665 3936 si
704 3890 841 3937 2047
881 3901 1194 3951 pergeremus
1238 3900 1328 3952 per
1365 3890 1398 3938 2
1433 3891 1592 3952 usque
1635 3884 1700 3935 ad
1729 3892 1755 3936 1
1797 3885 2032 3938 dividere.
2088 3885 2210 3937 Inde
2244 3887 2392 3951 igitur
2427 3888 2516 3947 cst,
