2652 4088
778 146 926 194 Notae
955 144 1002 190 in
1034 142 1265 190 Somnium
1295 139 1673 188 Astronomicum.
2274 138 2346 196 47

88 298 137 342 in
163 296 347 348 itinere,
390 296 523 341 Luna
553 307 581 341 a
609 294 778 340 vertice
816 292 950 338 unius
990 288 1146 336 oceani
1176 288 1392 345 abeunte,
1434 299 1593 344 agmen
1623 299 1841 343 aquarum
1874 285 2129 344 impingens
2158 285 2206 331 in
2233 285 2344 332 litus

90 363 370 409 occidentale
400 361 721 417 desertumque
747 374 775 406 a
793 357 1007 403 tractrice
1037 369 1187 411 causa,
1219 354 1478 401 refunditur
1505 352 1805 408 litoribusque
1828 351 2119 398 orientalibus
2148 351 2345 397 vicissim

86 428 350 475 infunditur.
401 428 454 472 In
482 423 765 472 Harmonicis
795 422 870 467 lib.
901 423 980 470 IV.
1013 436 1113 479 cap.
1146 421 1228 467 ult.
1262 420 1506 466 deliberavi
1538 420 1592 465 de
1623 429 1762 464 causa
1790 417 1977 475 insuper
2007 418 2096 464 alia
2125 417 2277 463 fluxus
2299 423 2346 463 et

86 493 290 540 refluxus
318 493 476 550 maris,
511 504 628 550 quae
658 490 765 534 huic
795 487 976 544 quidem
1008 500 1212 534 connexa
1242 493 1327 533 est.
1388 486 1477 532 Sed
1509 500 1583 542 ea,
1618 498 1753 544 quam
1783 483 1858 529 hic
1887 490 2047 541 tango,
2080 482 2249 528 sufficit
2277 484 2343 528 in-

89 561 248 606 stituto
280 559 525 617 praesenti.
573 558 690 604 Nam
722 556 760 600 si
780 554 1023 599 daemones
1054 566 1146 597 non
1177 551 1285 597 alibi
1315 553 1404 597 nisi
1431 552 1479 597 in
1510 565 1624 598 cono
1645 551 1832 597 umbrae
1862 555 2113 607 versantur,
2144 548 2210 594 illi
2235 562 2343 594 vero

86 639 251 683 corpus
282 625 467 682 aliquod
497 625 543 669 in
576 621 765 669 sublime
795 634 954 666 versus
985 620 1086 665 coni
1115 619 1330 663 verticem
1359 631 1520 676 rapere
1551 618 1804 675 finguntur,
1850 622 1971 663 certe
2002 615 2090 660 nisi
2119 616 2252 660 Luna
2281 615 2343 659 si-

84 691 180 736 mul
210 691 328 736 adsit
358 705 518 736 conum
548 688 893 746 perambulans,
935 687 1020 732 soli
1051 691 1183 731 erunt
1219 685 1344 730 nulla
1372 698 1422 730 re
1453 683 1618 740 adiuti,
1652 683 1944 741 laborabunt,
1987 682 2235 738 sudabunt,
2268 681 2344 726 de·

84 757 351 804 fetiscentur
373 757 560 803 scilicet.
597 755 661 799 At
691 755 729 799 si
749 755 882 799 Luna
912 752 1114 799 secunda
1139 765 1254 809 opus
1277 751 1608 807 aggredientur,
1636 763 1690 795 ea
1708 763 1924 807 praesens
1946 750 1994 795 in
2014 748 2174 794 umbra
2193 752 2345 793 tractu

85 824 338 883 magnetico
371 823 573 880 corporis
605 820 785 878 cognati
815 825 1003 866 conatus
1036 832 1191 864 eorum
1222 817 1469 873 adjuvabit.
1500 815 1616 861 Vide
1646 815 1764 861 infra
1794 817 1852 863 N.
1885 817 1954 862 78.

258 891 328 936 63.
360 890 435 934 En
465 901 571 932 vero
603 900 786 933 causam
824 885 958 931 aliam
988 884 1221 929 brevitatis
1253 883 1468 939 temporis
1508 882 1566 925 ad
1596 881 1715 926 hanc
1755 881 2207 937 transmutationem,
2252 893 2345 925 non

83 956 299 1013 longioris
332 954 569 1000 duratione
591 953 785 1010 eclipsis,
818 966 909 996 non
932 965 959 996 a
980 957 1144 996 natura
1175 950 1390 1006 corporis,
1425 948 1505 994 sed
1528 962 1554 993 a
1574 954 1724 993 mente
1756 954 2034 994 vectatorum
2064 948 2343 995 accersitam.

258 1022 329 1068 64.
361 1022 477 1066 Tota
506 1021 723 1078 periodus
756 1018 814 1064 ad
845 1017 1105 1073 allegoriam
1134 1015 1347 1074 pertinet.
1410 1014 1521 1058 Cum
1551 1026 1681 1057 rarae
1722 1013 1813 1057 sint
1844 1013 2037 1069 eclipses
2067 1012 2266 1070 insignes
2299 1019 2345 1058 et

83 1101 292 1146 magnae,
335 1100 466 1132 rarae
498 1087 760 1132 occasiones
804 1098 880 1130 eas
912 1083 1203 1140 observandi,
1246 1079 1434 1127 scientia
1469 1078 1772 1124 astronomica
1803 1079 2059 1136 (spirituum
2089 1079 2223 1135 unus)
2254 1091 2346 1123 non

80 1156 213 1212 vulgo
244 1168 326 1213 per
356 1153 548 1210 eclipses
577 1152 843 1208 innotescit;
889 1150 969 1196 sed
997 1148 1260 1208 philosophi
1292 1150 1420 1201 sunt,
1463 1146 1541 1201 qui
1573 1143 1780 1190 scientias
1814 1145 2156 1202 philosophicas
2188 1156 2341 1190 omnes

81 1221 335 1278 (spirituum
366 1233 427 1265 sc.
459 1219 620 1264 horum
650 1216 876 1272 familiam)
915 1218 1119 1273 impense
1159 1214 1332 1261 colunt:
1376 1211 1442 1255 illi
1479 1212 1664 1268 inquam
1693 1212 1888 1269 tempori
1926 1211 2186 1256 defectuum
2215 1210 2342 1255 luna-

77 1286 195 1332 rium
224 1284 515 1339 insidiantur,
559 1284 625 1328 illi
656 1284 790 1328 scalis
831 1282 956 1338 hisce
994 1282 1066 1327 usi
1108 1282 1277 1327 audent
1308 1292 1546 1323 ascensum
1575 1278 1620 1322 in
1652 1278 1854 1335 Lunam,
1898 1291 1978 1323 seu
2008 1277 2343 1334 indagationem

77 1357 269 1396 naturae
301 1356 346 1395 et
380 1363 539 1396 cursus
572 1349 768 1394 siderum
800 1347 1028 1393 affectare.
1089 1347 1164 1391 Ex
1194 1350 1329 1401 gente
1359 1343 1557 1389 humana
1587 1344 1770 1390 minima
1799 1358 1912 1405 pars
1943 1350 2014 1390 est
2046 1358 2220 1399 eorum,
2266 1343 2344 1399 qui

78 1416 475 1473 philosophantur,
508 1428 533 1459 e
563 1414 939 1472 philosophorum
969 1425 1155 1457 numero
1186 1412 1262 1456 vix
1292 1423 1408 1456 unus
1439 1416 1484 1455 et
1514 1410 1628 1455 alter
1657 1411 1959 1456 astronomiae
1990 1410 2105 1456 fines
2136 1409 2338 1467 proferre

78 1482 255 1530 nititur.

252 1551 325 1596 65.
354 1549 575 1594 Revertor
603 1547 678 1592 hic
709 1546 766 1592 ad
798 1545 1224 1603 contemplationem
1256 1549 1447 1590 naturae
1478 1554 1729 1600 corporum,
1760 1542 1943 1588 fictione
1974 1541 2194 1588 adhibita.

252 1618 321 1663 66.
356 1616 632 1661 Gravitatem
665 1628 749 1672 ego
773 1613 939 1659 definio
968 1614 1134 1658 virtute
1165 1611 1445 1668 magneticae
1467 1608 1612 1661 simili,
1645 1609 1927 1654 attractionis
1949 1605 2147 1653 mutuae.
2192 1607 2342 1665 Hujus

77 1696 182 1728 vero
214 1683 494 1728 attractionis
526 1682 670 1739 major
700 1683 766 1727 vis
799 1686 868 1725 est
898 1681 945 1724 in
977 1679 1242 1737 corporibus
1273 1679 1391 1723 inter
1422 1689 1470 1722 se
1501 1675 1681 1732 vicinis,
1726 1689 1861 1732 quam
1891 1674 1939 1719 in
1969 1674 2170 1721 remotis.
2229 1674 2341 1719 For-

76 1749 164 1794 tius
194 1749 331 1806 igitur
358 1748 576 1794 resistunt
609 1747 850 1793 divulsioni
880 1747 1013 1790 unius
1046 1746 1101 1789 ab
1134 1745 1290 1802 altero,
1324 1756 1426 1789 cum
1457 1743 1607 1788 adhuc
1639 1747 1746 1788 sunt
1775 1742 1923 1787 vicina
1951 1742 2157 1789 invicem.

237 1815 309 1862 67.
339 1816 463 1860 Ictus
494 1814 668 1858 validus
699 1827 789 1858 non
821 1818 904 1870 est,
938 1813 1016 1857 ubi
1045 1811 1178 1856 facile
1211 1811 1331 1856 cedit
1360 1824 1526 1868 corpus
1561 1809 1681 1867 quod
1703 1809 1912 1855 truditur.
1962 1811 2213 1867 Propterea
2232 1808 2341 1854 vali-

78 1879 180 1925 dius
209 1880 461 1937 percutitur
491 1879 652 1938 globus
683 1880 922 1937 plumbeus
955 1894 1090 1936 quam
1119 1879 1342 1936 lapideus,
1378 1878 1482 1935 quia
1513 1878 1615 1935 plus
1647 1878 1694 1922 in
1724 1877 1803 1922 illo
1825 1877 2053 1935 ponderis,
2086 1877 2232 1933 maj0r
2261 1876 2341 1932 igi·

74 1950 151 1991 tur
178 1945 453 1992 resistentia.
516 1947 626 1991 Cum
668 1959 775 2002 ergo
820 1959 1011 2004 corpora
1050 1946 1142 1992 sint
1182 1946 1355 2004 gravia,
1399 1943 1616 1991 resistent
1646 1944 1812 2001 motui,
1856 1949 1948 1990 tam
1979 1943 2174 2002 pernicis
2205 1942 2342 2001 igitur

74 2012 289 2059 trusionis
320 2013 439 2058 ictus
468 2011 822 2058 violentissimus
856 2013 955 2058 erit.

249 2080 321 2126 68.
351 2079 438 2125 Hic
468 2093 551 2136 ego
586 2079 752 2125 doloris
775 2079 937 2125 saltem
957 2078 1195 2125 acerbitati
1217 2077 1446 2135 consului3
1480 2080 1639 2122 caveat
1670 2076 1786 2122 alius
1807 2075 2108 2123 incolumitati
2137 2074 2342 2131 viatoris,

75 2157 132 2190 ne
163 2144 202 2190 is
230 2145 485 2190 minutatim
515 2145 834 2203 contundatur,
869 2145 993 2190 nullo
1026 2144 1282 2191 discrimine
1313 2144 1539 2190 dormiens
1571 2157 1629 2188 an
1660 2144 1864 2201 vigilans.

248 2212 318 2258 69.
350 2212 402 2256 In
442 2211 722 2268 conglobatis
759 2217 913 2270 partes
953 2213 1187 2271 proximae
1230 2224 1394 2258 causae
1434 2209 1684 2270 impellenti
1720 2208 1824 2267 plus
1863 2208 2123 2267 patiuntur,
2154 2221 2340 2266 pressae

73 2275 274 2334 pondere
303 2277 499 2335 partium
530 2277 895 2324 incumbentium.

245 2346 318 2391 70.
352 2345 553 2401 Corpora
572 2350 729 2390 nostra
758 2344 969 2390 foventur
999 2349 1157 2401 tepore
1187 2342 1520 2401 evaporationis
1544 2343 1781 2389 continuae
1804 2355 1861 2387 ex
1880 2341 2129 2387 visceribus
2152 2341 2336 2398 Terrae,

72 2421 189 2466 quae
218 2410 290 2454 vel
330 2411 376 2454 in
414 2410 616 2468 pluvias,
658 2410 729 2456 vel
759 2423 841 2468 per
877 2414 1058 2455 noctem
1089 2409 1275 2455 absente
1308 2407 1425 2455 Solis
1469 2410 1596 2455 radio
1640 2409 1786 2455 calido
1825 2409 1871 2453 in
1901 2421 2049 2453 rorem
2077 2412 2123 2453 et
2152 2408 2337 2466 pruinas

73 2480 233 2521 coacta
262 2474 441 2521 decidit.
503 2477 651 2534 Cutis,
693 2477 782 2521 hoc
810 2476 963 2533 tepido
996 2488 1162 2533 vapore
1195 2481 1410 2520 extraneo
1446 2475 1698 2533 denudata,
1731 2475 1918 2520 horrere
1947 2473 2121 2531 incipit.
2184 2473 2338 2531 Vapor

71 2539 208 2585 etiam
238 2552 295 2585 ex
325 2554 514 2598 corpore
545 2555 760 2588 emanans
794 2543 960 2589 amisso
994 2543 1158 2599 calore,
1192 2543 1326 2598 cujus
1357 2543 1399 2586 vi
1432 2543 1767 2600 exspiraverat,
1798 2542 1845 2585 in
1876 2554 1924 2585 se
1957 2541 2047 2585 coit
2077 2539 2218 2597 fit'que
2242 2540 2337 2597 jam

70 2604 257 2650 materia
298 2605 463 2664 frigida
505 2613 550 2653 et
593 2607 920 2664 coagulationis
954 2622 1092 2665 opera
1122 2615 1292 2654 motum
1338 2609 1530 2666 acquirit
1567 2622 1723 2654 versus
1755 2620 1945 2665 corpus,
1991 2606 2113 2651 unde
2142 2605 2340 2663 pullulat

70 2669 316 2729 illatusque
348 2674 526 2730 corpori
566 2673 707 2730 frigus
756 2674 822 2718 illi
851 2674 1000 2719 infert.
1060 2674 1187 2719 Aura
1219 2673 1414 2730 denique
1445 2675 1661 2722 aetherea
1694 2674 1812 2721 Solis
1851 2673 1977 2718 radio
2013 2672 2229 2718 destituta
2259 2672 2337 2717 fri-

70 2736 174 2793 gida
204 2744 273 2784 est
301 2739 549 2796 privatione
581 2740 759 2788 caloris.
821 2741 892 2785 Ea
922 2746 974 2786 ut
1002 2740 1288 2797 tenuissima,
1322 2740 1387 2785 sic
1417 2740 1640 2786 minimae'
1658 2742 1795 2787 etiam
1831 2740 2061 2785 efficaciae
2092 2738 2233 2794 frigus
2254 2751 2337 2795 per

71 2815 121 2849 se
151 2804 252 2861 ipsa
282 2807 490 2864 concipit,
526 2807 740 2865 quamdiu
771 2807 956 2852 immota
988 2813 1073 2852 est.
1123 2808 1185 2851 At
1214 2812 1364 2851 motus
1397 2807 1619 2853 accedens
1651 2807 1888 2852 densitatis
1920 2806 1962 2851 ei
1993 2805 2217 2863 quandam
2247 2804 2335 2850 vim

73 2867 236 2915 effectu
264 2871 363 2928 ipso
396 2874 626 2930 conciliat,
661 2879 712 2919 ut
742 2886 831 2931 quo
862 2872 1104 2918 violentior
1133 2872 1357 2929 impactus
1390 2873 1490 2929 ejus
1522 2873 1568 2917 in
1600 2886 1766 2931 corpus
1799 2879 1879 2917 aut
1909 2872 2109 2930 corporis
2140 2871 2335 2916 volantis

70 2932 118 2980 in
145 2934 308 2992 ipsum,
340 2938 429 2983 hoc
459 2938 640 2984 densior
671 2945 716 2984 et
747 2938 996 2984 subtilitate
1028 2952 1110 2984 sua
1133 2937 1444 2996 penetrantior
1474 2939 1679 2997 adeoque
1711 2946 1756 2984 et
1785 2939 1989 2995 frigidior
2019 2938 2114 2984 fiat.
2169 2938 2334 2994 Fitque

69 2998 213 3059 frigus
242 3002 436 3059 qualitas
474 3005 622 3050 activa
653 3004 917 3051 densatione
948 3005 1187 3060 materiae,
1230 3017 1367 3060 quam
1398 3004 1598 3050 nondum
1639 3005 1874 3050 densatam
1903 3004 2121 3061 privative
2159 3009 2334 3048 tantum

70 3065 277 3123 frigidam
308 3082 520 3126 agnosco.
571 3070 807 3116 Tansitum
837 3083 864 3115 a
885 3070 1031 3116 forma
1061 3070 1280 3129 privativa
1313 3070 1372 3114 ad
1404 3072 1593 3115 activam
1628 3072 1834 3129 relinquo
1867 3071 1966 3115 aliis
1999 3069 2330 3127 explicandum.

68 3131 183 3178 vide
227 3135 579 3191 speculationem
621 3138 740 3183 hanc
779 3138 826 3182 in
857 3138 1030 3195 Opticis
1074 3138 1206 3195 meis,
1254 3149 1337 3194 per
1368 3139 1750 3194 comparationem
1789 3136 1904 3181 lucis
1938 3140 1984 3181 et
2023 3135 2186 3181 coloris
2217 3135 2334 3193 nigri

70 3198 338 3254 traductam,
369 3208 415 3246 et
445 3215 535 3259 qua
564 3208 694 3260 parte
724 3216 795 3248 me
825 3203 949 3248 vides
980 3203 1202 3260 laborare,
1235 3202 1400 3259 adJuva
1431 3203 1489 3248 ad
1519 3217 1692 3249 causas.
1710 3201 1946 3248 eruendas.

243 3266 315 3313 71.
349 3267 464 3312 Vide
495 3281 632 3326 supra
662 3283 783 3315 num.
816 3270 890 3315 57.

244 3332 313 3378 72.
344 3332 443 3378 Hoc
472 3339 650 3379 tantum
681 3334 792 3380 dicis
824 3349 973 3381 causa.
1035 3336 1208 3380 Natura
1236 3348 1308 3380 me
1341 3334 1529 3392 deserit3
1563 3334 1620 3387 ad
1646 3335 1802 3390 jocum
1833 3333 2026 3379 transire
2056 3333 2101 3379 in
2131 3345 2180 3379 re
2213 3332 2330 3379 seria

70 3395 192 3442 haud
235 3398 327 3442 scio
367 3413 425 3443 an
472 3406 662 3457 gratum.
723 3401 953 3458 Allegoria
984 3401 1116 3446 etiam
1147 3399 1297 3456 friget.
1357 3400 1598 3446 Defectum
1638 3413 1787 3444 rerum
1818 3399 1875 3443 ad
1913 3398 2078 3445 victum
2122 3413 2330 3446 necessa-

68 3463 237 3509 riarum
266 3465 470 3510 Daemon
500 3466 596 3523 ille,
630 3467 707 3523 qui
738 3466 1012 3512 astronomia
1043 3466 1228 3523 dicitur,
1261 3467 1463 3525 ingenita
1493 3467 1535 3511 vi
1565 3465 1753 3511 fervoris
1784 3464 1903 3520 ignei
1925 3464 1983 3510 ad
2005 3465 2330 3523 speculandum

11 3599 13 3601 ι
68 3526 229 3586 frigide
259 3528 499 3575 admodum
531 3532 725 3588 supplet.

244 3596 314 3641 73.
346 3595 448 3642 Non
485 3602 583 3641 erat
626 3595 954 3653 praetereunda
993 3601 1084 3642 tam
1122 3602 1379 3654 opportuna
1418 3595 1616 3642 narratio
1654 3596 1913 3644 Aristotelis
1955 3596 2010 3643 de
2047 3597 2330 3658 philosophis

69 3659 118 3707 in
144 3667 341 3708 montem
372 3662 507 3707 Asiae
539 3662 774 3720 Olympum
806 3661 1124 3721 speculationis
1156 3676 1293 3708 causa
1324 3661 1534 3708 connisis.

243 3729 314 3774 74.
346 3728 566 3773 Nimirum
613 3729 690 3774 ubi
733 3741 895 3785 corpus
942 3734 1145 3785 ereptum
1186 3742 1242 3773 ex
1282 3729 1389 3774 orbe
1427 3727 1605 3773 virtutis
1651 3729 1931 3788 magneticae
1962 3730 2158 3778 Telluris
2196 3737 2325 3778 tanto

79 3793 239 3853 spatio,
266 3799 317 3839 ut
339 3792 434 3851 ,iam
465 3794 798 3850 praeponderet
828 3794 969 3839 virtus
1000 3794 1252 3851 magnetica
1282 3793 1402 3840 orbis
1432 3794 1603 3840 Lunae.

244 3861 318 3908 75.
350 3859 594 3919 Suspensis
624 3859 864 3907 virtutibus
885 3860 1147 3918 magneticis
1172 3861 1338 3907 Terrae
1360 3865 1406 3907 et
1428 3861 1586 3907 Lunae
1607 3861 1832 3908 contraria
1859 3860 2107 3922 tractione,
2137 3861 2325 3921 perinde
