2652 4088
322 181 428 239 230
914 181 1200 228 Collectanea
1230 191 1287 224 ex
1318 179 1552 227 codicibus
1583 179 1987 227 Pulkoviensibus.

323 329 748 381 observationibus
787 327 1108 395 ἀκροτυχιοις,
1165 343 1276 377 cum
1325 332 1581 390 aequantia
1633 331 1963 380 eccentricitas
2013 334 2233 379 assumta
2278 331 2342 378 sit
2386 345 2579 380 manere

322 404 491 454 eadem
530 403 579 448 in
619 403 841 451 omnibus
883 409 912 451 4
953 403 1126 450 sitibus
1165 398 1482 465 ἄκρονυχιοις.
1568 403 1755 451 Forsan
1806 405 1954 465 igitur
2000 417 2106 451 esse
2144 418 2290 466 posse
2329 403 2579 452 dimidiam

321 476 577 538 aequantis
625 477 774 523 centri
823 477 1075 524 eccentrici
1124 473 1452 534 altitudinem,
1504 489 1612 523 cum
1651 476 1700 523 id
1741 475 2017 539 parallaxes
2062 481 2324 535 testentur,
2375 491 2578 539 quarum

319 549 648 598 testimonium
686 549 733 594 in
774 548 867 596 hoc
918 549 1116 608 negotio
1166 547 1324 609 majus
1363 553 1452 598 est.
1528 547 1669 596 Adde
1709 547 1854 611 quod,
1896 549 1986 595 etsi
2007 549 2265 604 „interdum
2303 550 2350 594 in
2390 549 2580 598 theoria

320 621 448 670 Solis
489 621 593 683 ejus
634 623 886 669 eccentrici
913 620 1118 669 altitudo
1143 619 1300 681 maj0r
1325 619 1486 681 prodit
1525 620 1746 682 dimidia,
1799 630 1960 669 tamen
2001 626 2048 669 et
2084 623 2341 684 aequantis
2381 621 2581 671 dimidia

321 694 499 743 alicubi
539 693 713 756 prodit.
792 695 935 742 Error
985 707 1098 741 vero
1139 695 1187 740 in
1226 694 1435 741 minimis
1486 700 1708 741 versatur
1746 699 1793 743 et
1830 692 1973 742 facile
2021 694 2227 742 vitiosus
2266 693 2436 742 Martis
2476 695 2581 742 cal-

320 766 457 816 culus
496 767 688 814 turbare
728 771 776 814 et
813 766 1010 814 Terram
1048 771 1224 828 potest.
1289 764 1370 814 Sic
1408 763 1565 814 valuit
1601 767 1733 830 apud
1771 782 1847 816 me
1887 765 2160 816 Ptolemaei
2199 764 2582 834 ἀναιτιολογητος

321 840 620 920 asseveratio
661 838 719 887 de
759 838 956 887 dimidio
997 845 1088 888 etc.

491 912 658 971 Porro,
682 914 907 974 quamvis
932 912 1025 960 hoc
1052 927 1198 975 quam
1218 913 1435 974 proxime
1460 926 1628 960 verum
1657 913 1734 969 sit,
1756 913 2009 961 eccentrici
2029 910 2333 962 altitudinem
2360 927 2581 975 aequan-

320 987 383 1033 tis
424 999 531 1033 esse
570 985 846 1046 dimidium,
887 991 1048 1033 tamen
1088 1000 1246 1048 neque
1287 984 1568 1047 Copernici,
1609 990 1662 1033 ut
1700 987 1833 1048 prius
1874 985 2071 1046 dictum,
2111 1000 2270 1047 neque
2307 983 2580 1038 Ptolemaei

319 1057 609 1122 hypothesis
647 1060 715 1106 rei
754 1057 1020 1117 satisfacit,
1077 1072 1134 1106 eo
1175 1058 1306 1120 quod
1345 1073 1399 1105 ex
1439 1057 1573 1106 hisce
1621 1060 1868 1122 principiis
1912 1059 2040 1121 (cum
2078 1065 2263 1106 motum
2302 1061 2582 1122 proportio·
2648 1071 2652 1125 j

318 1131 479 1179 nalem
520 1130 763 1178 distantiis
803 1133 1166 1195 assumsimus),
1216 1137 1269 1179 ut
1308 1145 1455 1193 supra
1495 1130 1705 1192 dic-tum,
1746 1133 2006 1193 aequantis
2044 1137 2278 1194 punctum
2317 1131 2444 1180 idem
2483 1146 2581 1181 non

320 1209 501 1252 manet.
579 1204 861 1252 Distantiae
902 1207 1027 1252 enim
1066 1219 1236 1266 parum
1276 1208 1525 1251 mutantur
1563 1205 1690 1252 cirea
1728 1203 1938 1267 apsides,
1978 1204 2184 1252 multum
2223 1205 2273 1251 in
2311 1204 2581 1268 longitudi-

319 1278 463 1325 nibus
502 1277 689 1336 mediiS,
731 1292 788 1325 eo
830 1277 961 1338 quod
1000 1277 1099 1326 illic
1139 1278 1187 1323 in
1227 1276 1660 1326 circumferentiam
1698 1277 1862 1326 circuli
1899 1277 2057 1326 lineae
2095 1292 2120 1326 e
2149 1276 2264 1327 Sole
2305 1281 2443 1341 quasi
2469 1293 2581 1341 per-

319 1349 965 1414 pendiculariterlincidunt,
1008 1348 1416 1413 quemadmodum
1444 1346 1471 1414 ἡ
1501 1354 1581 1399 δια
1607 1369 1824 1415 κει-τραγ,
1864 1349 1943 1398 hic
1985 1364 2097 1398 vero
2136 1357 2190 1399 ut
2228 1352 2275 1397 in
2317 1351 2580 1414 obliquam.
2642 1387 2645 1390 >

321 1419 372 1473 Si
413 1437 527 1486 ergo
567 1429 641 1472 est
678 1427 838 1471 motus
887 1433 974 1472 seu
1014 1429 1205 1486 tempus
1244 1437 1434 1483 morae,
1489 1437 1636 1484 quam
1674 1423 1874 1486 planeta
1922 1423 2039 1472 facit
2076 1423 2124 1470 in
2163 1422 2318 1486 gradu
2357 1426 2580 1487 apogaei,

321 1495 384 1546 ad
422 1510 631 1556 moram,
672 1511 818 1559 quam
857 1497 975 1545 facit
1013 1499 1060 1543 in
1099 1496 1255 1559 gradu
1293 1494 1613 1558 longitudinis
1650 1496 1864 1555 mediae,
1903 1503 1958 1544 ut
1995 1495 2250 1559 longitudo
2290 1495 2482 1560 longior
2519 1496 2583 1549 ad

320 1569 547 1630 mediam,
589 1575 636 1618 et
675 1570 715 1616 si
755 1574 867 1617 sunt
907 1571 1110 1632 quaevis
1149 1584 1314 1617 morae
1353 1576 1407 1617 ut
1446 1583 1610 1617 earum
1649 1569 1995 1632 longitudines,
2034 1584 2206 1632 parum
2246 1583 2359 1632 ergo
2400 1569 2586 1619 accedit

321 1644 551 1705 temporis
588 1641 814 1705 planetae
853 1643 903 1688 in
929 1657 1164 1705 apogae0‚
1203 1657 1373 1706 parum
1413 1641 1604 1691 decedit
1643 1643 1689 1689 in
1729 1643 1975 1705 perigan,
2015 1642 2219 1690 multum
2260 1645 2387 1691 circa
2423 1641 2586 1706 longi-

321 1716 515 1764 tudines
555 1714 757 1764 medias.
822 1715 1023 1763 Humile
1062 1716 1208 1778 igitur
1245 1721 1478 1778 punctum
1517 1718 1774 1778 aequantis
1814 1716 1928 1775 illic,
1969 1714 2048 1764 hic
2086 1715 2254 1764 altum.
2320 1716 2441 1764 Cum
2469 1730 2584 1780 ergo

323 1789 446 1837 duae
485 1803 545 1837 ex
583 1789 705 1837 meis
746 1788 1171 1837 observationibus
1210 1790 1306 1836 sint
1344 1788 1467 1835 infra
1505 1787 1835 1850 longitudines
1861 1787 2047 1837 medias
2073 1803 2244 1837 versus
2283 1791 2582 1852 perigaeum,
2630 1791 2652 1847 f·

323 1862 448 1910 duae
488 1863 615 1910 circa
653 1861 875 1925 apsides,
928 1876 1128 1909 numero
1182 1861 1378 1924 quidem
1415 1863 1647 1924 praeveni
1699 1861 1823 1911 hanc
1862 1862 2084 1922 turbam,
2137 1861 2223 1910 sed
2275 1869 2434 1912 tamen
2487 1868 2583 1912 tres
2639 1861 2652 1898 ³³

321 1940 455 1983 stant
493 1949 664 1983 versus
702 1936 1008 1997 perigaeum,
1057 1949 1154 1982 una
1201 1949 1372 1982 versus
1422 1947 1714 1996 apogaeum.
1790 1934 1965 1997 Itaque
2015 1934 2126 1998 plus
2163 1935 2356 1984 favetur
2401 1950 2583 1999 parvae
2638 1940 2652 1963 ’-

322 2007 580 2070 aequantis
618 2006 880 2055 altitudini.
959 2006 1119 2068 Quare
1159 2014 1213 2055 ut
1252 2008 1620 2057 observationes
1657 2006 1921 2069 salventur,
1962 2013 2097 2056 tanto
2136 2007 2371 2072 majorem
2411 2023 2583 2058 eccen-

324 2083 429 2130 trici
467 2079 773 2129 altitudinem
813 2095 919 2129 esse
957 2094 1155 2129 necesse
1195 2087 1283 2130 est.

495 2152 646 2202 Porro
687 2155 958 2216 quaeritur,
1012 2160 1060 2203 et
1099 2152 1343 2217 quomodo
1381 2152 1677 2202 invenienda
1715 2154 1777 2201 sit
1813 2168 1873 2202 ex
1911 2152 2006 2202 hac
2043 2152 2305 2218 hypothesi
2345 2154 2580 2204 dimensio

324 2226 527 2287 orbium,
569 2234 615 2275 et
651 2226 896 2290 quomodo
934 2226 1224 2276 calculanda
1261 2228 1608 2289 aequationum
1648 2225 1855 2275 tabula?
1930 2225 2006 2275 De
2044 2228 2299 2289 posteriori
2338 2229 2486 2291 prius.

496 2298 617 2347 Cum
656 2302 704 2347 in
744 2299 922 2348 circulo
963 2302 1059 2348 sint
1097 2299 1284 2348 infinita
1322 2307 1527 2363 puncta,
1568 2307 1646 2349 sat
1683 2298 1927 2349 subtiliter
1963 2301 2233 2362 egerimus,
2273 2301 2315 2349 si
2353 2300 2630 2350 circulum

325 2371 541 2420 dicamus
580 2373 763 2422 habere
801 2375 1024 2435 sexagies
1067 2378 1170 2422 360
1211 2380 1407 2436 puncta,
1446 2372 1650 2422 totidem
1688 2371 1851 2421 radios
1890 2387 1916 2421 e
1956 2379 2119 2422 centro
2160 2379 2209 2422 et
2244 2388 2434 2422 rursum
2460 2374 2581 2422 toti-

324 2443 432 2493 dem
471 2460 496 2493 e
537 2445 648 2494 Sole
690 2449 738 2493 in
779 2446 949 2495 eodem
988 2444 1072 2494 illo
1111 2448 1446 2509 imaginemur
1510 2446 1648 2495 'lunc
1687 2460 1802 2509 ergo
1841 2451 1895 2494 ut
1933 2461 2123 2495 summa
2162 2449 2375 2495 omnium
2414 2446 2634 2496 radio-

325 2532 431 2564 rum
472 2517 532 2565 ad
572 2525 761 2582 tempus
799 2518 1097 2583 periodicum
1137 2519 1393 2582 planetae,
1444 2522 1514 2568 ita
1559 2533 1749 2568 summa
1796 2516 1986 2581 aliquot
2025 2519 2191 2568 ordine
2245 2519 2622 2569 distantiarum

323 2591 372 2636 in
411 2605 555 2638 unam
596 2607 831 2640 summam
873 2593 1198 2655 conjectarum
1226 2592 1287 2641 ad
1327 2599 1532 2654 tempUS‚
1575 2590 1707 2655 quod
1745 2590 1947 2655 labitur,
1993 2589 2105 2640 dum
2147 2606 2314 2643 omnes
2353 2593 2462 2642 illas
2504 2584 2624 2641 di--
2650 2639 2652 2642 Α

323 2666 528 2710 stantias
580 2665 778 2726 planeta
824 2666 953 2714 facit
1030 2665 1106 2713 Ita
1146 2680 1203 2713 ex
1243 2665 1516 2714 anomaliae
1563 2668 1929 2727 semiaequatae
1973 2664 2206 2728 gradibus
2256 2673 2305 2715 et
2340 2666 2579 2730 scrupulis

322 2737 525 2798 integris
566 2736 857 2785 exstruenda
896 2744 969 2786 est
1008 2744 1056 2786 et
1094 2738 1339 2786 anomalia
1384 2737 1589 2800 simplex
1630 2744 1676 2786 et
1714 2737 1924 2800 perfecte
1979 2745 2218 2799 aequata:
2269 2740 2391 2788 haec
2428 2742 2576 2802 prius,
2610 2798 2613 2802 .

326 2823 385 2857 ex
424 2809 516 2858 hac
555 2809 831 2870 distantiae,
872 2825 931 2858 ex
969 2811 1044 2858 his
1082 2810 1327 2858 anomalia
1365 2811 1584 2873 simplex,
1628 2825 1753 2874 quae
1793 2811 1856 2858 ab
1895 2819 2108 2873 aequata
2145 2811 2395 2861 subtracta
2434 2827 2575 2861 mon·

323 2887 444 2930 strat
471 2884 829 2945 aequationem,
870 2884 910 2931 si
937 2897 1136 2933 necesse
1161 2889 1249 2932 est.
1309 2883 1438 2932 Puto
1463 2890 1640 2944 autem,
1682 2882 1901 2932 sufficere
1942 2886 1990 2931 in
2018 2884 2187 2934 tabula
2220 2885 2364 2948 juxta
2389 2885 2632 2953 simpli-'¹'

326 2969 428 3004 cem
468 2958 744 3018 appositam
782 2956 992 3018 perfecte
1031 2962 1303 3018 aequatam.
2606 2971 2607 2974 ¹

498 3028 615 3078 Jam
655 3028 900 3092 quomodo
939 3029 1314 3092 investigabitur
1353 3042 1411 3076 ex
1450 3028 1542 3076 hac
1580 3027 1840 3091 hypothesi
1882 3027 2118 3078 dimensio
2160 3030 2332 3079 orbis?

499 3101 693 3150 Certum
733 3108 805 3150 est
843 3117 903 3150 ex
943 3103 1199 3165 prioribus,
1239 3106 1429 3164 tempus
1468 3100 1707 3161 medium,
1750 3101 1880 3163 quod
1921 3101 2050 3150 cadit
2087 3105 2210 3152 inter
2249 3103 2370 3152 duas
2409 3094 2629 3170 obser-'¹¹3¹‘

325 3177 547 3225 vationes
574 3172 860 3239 ἀκοονυχιας
898 3177 1006 3239 (seu
1047 3175 1178 3237 quod
1215 3173 1343 3222 idem
1384 3179 1470 3233 est,
1510 3180 1693 3221 motum
1733 3174 1864 3222 illius
1904 3178 2135 3237 temporis
2174 3177 2423 3238 medium),
2463 3171 2587 3240 pro'c'

324 3263 502 3312 ponere
554 3263 791 3296 summam
848 3250 1061 3297 omnium
1110 3247 1443 3296 distantiarum
1498 3246 1844 3308 inaequalium.
1922 3248 2145 3310 Angulus
2199 3251 2403 3299 visionis
2443 3263 2573 3310 vero,

326 3336 451 3385 quae
490 3323 614 3368 inter
651 3327 904 3383 utramque
943 3324 1157 3380 interest,
1198 3319 1381 3368 indicat
1417 3333 1666 3367 numerum
1697 3319 2031 3369 distantiarum
2071 3322 2348 3384 aequalium
2388 3325 2435 3370 in
2463 3312 2594 3383 arcu!
2636 3362 2637 3366 ,

326 3410 382 3444 ex
423 3408 479 3442 eo
530 3392 708 3455 angulo
762 3393 1020 3457 descriptO.
1099 3392 1294 3443 Certum
1341 3392 1487 3455 igitur
1533 3398 1632 3452 est,
1689 3392 1943 3442 distantias
1998 3409 2056 3442 ex
2109 3401 2272 3444 centro
2323 3386 2635 3445 ccccntric!

324 3467 489 3531 plures
527 3468 766 3515 numerari
806 3473 853 3515 et
891 3469 960 3515 sic
999 3467 1145 3515 etiam
1185 3481 1348 3515 arcum
1387 3466 1644 3527 majorem,
1686 3467 1918 3514 minorem
1960 3473 2138 3526 tamen,
2179 3483 2325 3531 quam
2366 3461 2578 3518 ostendi&

323 3546 484 3588 motus
510 3539 713 3590 medius,
777 3538 1047 3601 Quaeritur,
1089 3555 1148 3588 an
1188 3541 1228 3587 is
1267 3553 1406 3587 arcus
1433 3552 1621 3600 semper
1646 3546 1841 3587 maneat
1866 3538 2079 3588 medium
2119 3542 2241 3590 inter
2278 3532 2574 3604 utrumque?

327 3612 379 3661 Si
415 3612 508 3661 hoc
549 3617 690 3672 esset,
730 3613 1033 3661 vicissemus,
1088 3611 1346 3674 Quaeritur
1386 3625 1497 3673 ergo
1524 3611 1715 3660 affectio
1755 3611 1884 3660 illius
1923 3627 2061 3661 arcus
2085 3613 2146 3661 ad
2175 3629 2314 3663 arcus
2340 3608 2573 3677 proditos}

499 3685 549 3733 Si
590 3691 821 3747 punctum
874 3687 1131 3748 aequantis
1183 3691 1345 3733 manet
1385 3683 1535 3744 idem,
1589 3689 1636 3731 et
1675 3692 1889 3732 centrum
1930 3688 2183 3735 eccentrici
2231 3689 2358 3735 inter
2393 3689 2570 3750 puncta

329 3762 402 3805 est
438 3757 675 3817 medium,
729 3764 843 3806 tunc
881 3761 928 3805 in
968 3757 1270 3819 longitudine
1308 3757 1492 3817 media,
1547 3771 1654 3805 cum
1692 3757 1987 3819 triangulum
2027 3760 2257 3808 isosceles
2297 3766 2393 3822 est,
2432 3751 2571 3807 arcus

327 3827 407 3876 hic
446 3836 519 3877 est
555 3831 766 3879 medium
805 3831 1186 3891 arithmeticum,
1236 3845 1405 3879 versus
1446 3843 1717 3893 apogaeum
1764 3832 2124 3894 appropinquat
2171 3833 2371 3882 visionis
2422 3830 2578 3895 arcui,

327 3915 495 3951 versus
532 3906 813 3967 perigaeum
865 3905 1224 3967 appropinquat
1269 3905 1402 3952 arcui
1450 3903 1696 3966 temporis
1771 3903 1896 3953 Nam
1940 3918 2085 3968 super
2130 3906 2325 3969 aequali
2376 3905 2483 3954 basi
2520 3897 2569 3953 'et

2609 2479 2629 2533 w*
2613 2308 2636 2468 -Q-:bQ-f-
2619 2220 2640 2318 -zuag
2624 2084 2645 2201 ‘'kq-5,
2627 1985 2646 2052 &M
2628 1923 2636 1931 ,
