2652 4088
291 167 400 224 288
881 165 1168 212 Collectanea
1197 177 1256 211 ex
1286 164 1518 212 codicibus
1546 163 1936 211 Pulkoviensibus.

290 315 396 364 fuit.
470 313 563 363 Illo
607 312 758 377 igitur
807 312 1075 377 plenilunio
1123 311 1368 362 celebrata
1420 317 1495 362 est
1534 311 1787 377 Olympias
1824 314 1995 376 prima.
2073 309 2218 374 Quod
2254 312 2538 378 plenilunio,

289 389 428 437 testis
472 384 761 435 scholiastes
799 385 1022 447 Pindari,
1076 384 1208 448 quod
1259 391 1424 435 autem
1471 390 1557 436 23.
1601 385 1750 447 Julii,
1804 385 1947 434 docet
1984 386 2295 438 astronomia.
2367 386 2443 435 Ex
2479 402 2538 436 eo

289 465 502 523 tempore
542 457 860 523 Olympiades
897 463 1010 507 sunt
1049 457 1338 519 celebratae,
1378 457 1600 521 singulae
1638 457 1834 521 quidem
1875 456 2061 506 dierum
2092 462 2246 519 1461,
2285 457 2372 507 sed
2406 460 2541 508 ludi-

290 546 422 580 crum
459 546 649 596 semper
683 531 967 595 plenilunio,
1008 529 1141 594 quod
1178 530 1259 579 vel
1297 532 1347 578 in
1386 532 1494 595 ipsa
1533 536 1616 580 23.
1657 531 1735 579 die
1760 529 1884 578 Julii
1921 535 2046 578 retro
2087 530 2273 580 extensi
2311 530 2393 580 vel
2422 547 2539 597 pro-

290 605 419 654 xime
456 610 569 667 post
603 603 739 653 illam
777 603 1040 666 incideret3
1092 609 1240 665 atque
1280 604 1351 652 ita
1389 607 1439 655 8.
1478 603 1604 653 Julii
1640 603 1732 651 fuit
1768 604 1925 665 prima
1964 602 2068 652 dies
2108 601 2418 667 Olympiadis
2455 619 2540 653 so-

291 676 407 726 laris
444 675 614 726 habita
652 692 855 740 semper.
939 676 1294 727 Testimonium
1345 675 1500 739 quid?
1567 675 1677 725 Hoc
1717 678 1831 724 anni
1869 681 2015 738 caput
2065 675 2156 724 fuit
2193 676 2415 726 habitum
2450 691 2538 740 pro

290 748 524 812 solstitio,
566 751 658 799 etsi
695 765 792 799 non
833 756 990 812 esset,
1038 763 1198 812 neque
1235 751 1286 796 in
1324 755 1433 798 ortu
1472 747 1842 813 olympiadum,
1895 754 1942 797 et
1994 747 2148 797 multo
2197 751 2356 798 minus
2408 756 2537 813 post.

291 821 477 885 Causa,
526 837 610 872 cur
645 823 882 873 haberent
918 837 1006 886 pro
1046 822 1256 871 solstitio
1298 820 1423 871 diem
1461 821 1620 882 illam,
1667 821 1747 870 vel
1785 820 1898 870 inde
1936 827 2032 882 est,
2082 822 2198 884 quia
2233 821 2541 872 novilunium

293 897 409 943 anni
451 901 570 945 776.
611 895 811 946 fortuito
851 895 1029 946 accidit
1065 896 1285 958 proxime
1324 895 1452 944 diem
1489 895 1712 954 solstitii,
1763 894 1843 943 vel
1881 893 2009 955 inde,
2051 897 2168 957 quia
2204 894 2327 944 haec
2365 893 2539 959 Olym—

287 967 446 1031 piadis
486 969 741 1032 longitudo
782 969 968 1019 dierum
1010 973 1171 1029 1461,
1211 969 1312 1031 jam
1350 967 1463 1017 inde
1501 982 1531 1016 a
1557 966 1820 1016 Chaldaeis
1861 973 1910 1017 et
1946 966 2205 1032 Aegyptiis
2242 967 2539 1032 longissimis

286 1041 464 1091 seculis
505 1043 790 1104 observata,
838 1043 943 1105 Jam
983 1041 1099 1091 olim
1136 1055 1306 1090 verum
1351 1040 1616 1091 solstitium
1654 1040 1828 1089 habuit
1863 1042 1912 1087 in
1951 1042 2026 1088 sui
2063 1041 2329 1104 principio,
2379 1056 2447 1091 sc.
2487 1043 2538 1090 in

286 1117 334 1166 8.
373 1113 475 1168 Jul.
514 1121 641 1166 retro
681 1118 882 1166 extensi.
957 1115 1083 1164 Nam
1122 1116 1269 1163 etiam
1308 1119 1419 1163 ante
1459 1119 1561 1162 400
1605 1127 1759 1162 annos
1797 1112 2035 1162 Hercules
2071 1113 2214 1162 ludos
2254 1112 2538 1178 Olympicos

287 1203 680 1254 τετραετηρικους
704 1189 1051 1250 celebraverat,
1092 1189 1259 1250 itaque
1284 1186 1547 1237 verisimile
1574 1192 1663 1247 est,
1703 1186 1829 1236 hanc
1854 1184 2160 1250 Olympiadis
2186 1186 2538 1250 longitudinem

290 1265 444 1310 ortam
482 1262 564 1312 vel
602 1276 711 1311 cum
749 1276 898 1325 regno
938 1261 1282 1325 Sicyoniorum
1319 1276 1364 1310 a.
1406 1260 1493 1309 Ch.
1536 1265 1692 1309 2063.
1733 1261 1784 1307 in
1820 1259 2185 1322 Peloponnes0,
2238 1260 2369 1322 quod
2408 1260 2538 1309 cadit

288 1333 379 1382 sub
419 1335 526 1385 Beli
566 1334 756 1399 Assyrii
794 1336 1069 1400 imperium,
1107 1333 1188 1382 vel
1227 1348 1337 1383 cum
1374 1347 1523 1396 regno
1561 1332 1858 1396 Argivorum
1895 1334 1946 1379 in
1984 1331 2326 1396 Peloponneso
2367 1349 2410 1382 a.
2450 1333 2536 1385 Ch.

290 1410 444 1469 1831,
484 1406 566 1458 vel
606 1422 713 1457 cum
751 1423 900 1472 regno
938 1407 1337 1469 Atheniensium,
1389 1421 1434 1455 a.
1477 1405 1565 1457 Ch.
1611 1410 1764 1456 1560.
1844 1405 2054 1468 Cecrops
2092 1406 2367 1470 Aegyptius
2419 1414 2535 1469 erat,

284 1485 331 1528 et
370 1496 497 1530 anno
538 1496 584 1531 a.
624 1481 714 1533 Ch.
758 1486 915 1533 1543.
954 1486 1094 1530 notat
1131 1480 1391 1539 EusebiuS,
1433 1477 1707 1529 Chaldaeos
1748 1485 1916 1528 contra
1953 1478 2224 1528 Phoenices
2264 1479 2538 1541 dimicasse,

286 1559 398 1603 ante
438 1556 622 1603 exitum
662 1569 723 1603 ex
748 1554 995 1619 AegyptO.
1058 1553 1137 1601 An
1176 1555 1322 1615 igitur
1347 1552 1619 1602 Phoenices
1658 1552 1899 1616 fugientes
1937 1553 2149 1601 navibus
2188 1554 2237 1599 in
2278 1551 2539 1603 Graeciam
2633 1576 2652 1599 ,ῃ

284 1627 590 1691 appulerunt,
631 1628 886 1678 afferentes
927 1629 1040 1676 anni
1077 1625 1369 1675 scientiam?

457 1701 574 1750 Sero
614 1706 777 1750 autem
815 1699 1208 1749 animadversum
1246 1700 1351 1759 fuit,
1391 1697 1652 1746 solstitium
1678 1712 1785 1746 esse
1824 1703 1937 1747 ante
1965 1702 2011 1749 8.
2037 1697 2176 1759 Julii,
2216 1712 2329 1748 nam
2355 1699 2537 1750 Thales

280 1773 486 1834 primus.
561 1773 660 1822 Sed
697 1774 776 1822 hic
813 1780 932 1823 nota
958 1772 1193 1834 Scaligeri
1231 1772 1564 1831 assertionem,
1602 1770 1771 1834 procul
1798 1770 1945 1819 dubio
1984 1771 2184 1820 falsam:
2237 1788 2391 1820 omnes
2439 1775 2536 1821 fere

280 1846 455 1887 veteres
486 1842 708 1899 putabant
738 1842 982 1888 solstitium
1010 1843 1057 1886 in
1086 1842 1139 1886 8⁰
1158 1846 1214 1892 ΞΕ
1246 1840 1357 1896 fieri,
1391 1839 1497 1895 quia
1527 1857 1575 1883 το
1609 1857 1787 1895 κεντρον
1819 1846 1998 1894 θερινον
2026 1840 2183 1884 incidit
2212 1841 2258 1885 in
2289 1842 2340 1887 8ο
2354 1846 2424 1894 Ξῖ.
2474 1841 2539 1888 Et

278 1906 569 1952 vetustissimi
599 1906 786 1951 artificis
817 1904 1143 1951 Anaximandri
1174 1905 1372 1962 sphaera
1400 1904 1662 1949 mechanica
1692 1917 1783 1948 non
1814 1903 1950 1949 alium
1980 1905 2130 1951 locum
2162 1907 2413 1964 designavit
2444 1906 2536 1951 sol-

2559 1797 2652 1979 iii

2629 2029 2652 2067 ν..ἐ

280 1973 418 2030 stitio,
453 1987 586 2030 quam
618 1973 658 2018 8.
691 1977 867 2029 partem
899 1971 1251 2017 dodecatemorii
1283 1971 1443 2017 Cancri
1464 1970 1696 2029 Olympici,
1730 1983 1876 2027 neque
1898 1971 2036 2016 alium
2057 1972 2274 2019 circulum
2295 1973 2536 2030 aequinoc-
2600 2021 2602 2023 ,
2650 2014 2652 2018 ,

279 2038 443 2096 tialem,
477 2052 610 2094 quam
641 2039 718 2094 qui
748 2051 830 2095 per
860 2037 903 2083 8.
934 2044 1111 2094 partem
1142 2037 1311 2082 Arietis
1344 2043 1389 2081 et
1418 2036 1598 2090 Librae,
1630 2036 1848 2082 circulum
1878 2036 2117 2093 tropicum,
2151 2041 2229 2096 qui
2259 2052 2342 2096 per
2371 2039 2412 2084 8.
2432 2053 2534 2096 par-

276 2109 370 2149 tem
410 2105 569 2149 Cancri
607 2110 653 2149 et
685 2104 946 2161 Capricorni
988 2102 1224 2148 transibat.
1286 2103 1386 2147 Hoc
1415 2102 1478 2147 ita
1520 2114 1620 2147 esse
1661 2115 1718 2146 ex
1757 2102 2060 2160 descriptione
2098 2104 2302 2161 ipsorum
2341 2105 2534 2151 circulo·
2620 2087 2642 2170 'Q'

278 2184 391 2228 rum,
424 2183 540 2227 quae
571 2169 708 2215 hodie
740 2174 892 2215 exstat
921 2169 967 2213 in
996 2168 1198 2225 reliquiis
1230 2168 1414 2214 Eudoxi
1444 2173 1490 2213 et
1519 2168 1837 2213 Eratosthenis
1868 2167 2120 2214 indubitate
2151 2169 2390 2228 colligitur.

245 2274 277 2301 s

2641 2160 2652 2202 j

2622 2212 2652 2256 fij

451 2239 566 2288 Jam
604 2241 785 2303 profert
822 2239 905 2289 ille
945 2240 1147 2300 antiqua
1187 2236 1493 2298 documenta,
1534 2251 1625 2299 ego
1653 2251 1768 2285 vero
1808 2244 1921 2286 ante
1963 2241 2126 2288 omnia
2161 2254 2339 2291 revoco
2378 2241 2534 2291 lecto·

279 2328 381 2362 rem
419 2313 482 2360 ad
521 2313 623 2374 illa,
666 2328 791 2375 quae
831 2327 980 2376 supra
1016 2311 1219 2375 protulit
1256 2310 1475 2373 Scaliger
1514 2323 1573 2358 ex
1612 2311 1927 2372 antiquitate,
1968 2311 2100 2374 quod
2137 2314 2348 2376 primuS,
2402 2314 2534 2377 quod
2612 2319 2614 2322 ⁴
2648 2315 2649 2319 ’

279 2388 519 2446 sciamus,
573 2386 753 2436 Thales
792 2385 1015 2435 Milesius
1057 2382 1135 2434 01.
1176 2384 1233 2435 L.
1274 2399 1318 2436 a.
1358 2382 1447 2431 Ch.
1490 2386 1591 2432 580
1644 2385 1888 2445 scripserit
1935 2383 1994 2433 de
2044 2399 2202 2447 anno,
2255 2401 2364 2436 cum
2404 2394 2530 2438 essct
2615 2392 2652 2424 “-’

280 2459 466 2507 familia
505 2458 822 2508 Thelidarum
849 2474 875 2508 e
899 2459 1169 2507 Phoenicia
1196 2456 1443 2517 oriundus,
1484 2455 1694 2517 indeque
1720 2455 1946 2505 Miletum
1970 2458 2228 2520 profectus.
2296 2461 2352 2508 Ei
2376 2462 2530 2524 primo

278 2532 567 2580 adscribitur
606 2532 872 2596 astrologia
909 2533 1108 2579 nautica
1134 2536 1182 2579 et
1209 2531 1428 2579 inventio
1467 2530 1666 2577 minoris
1693 2525 1848 2579 Ursae
1886 2530 2150 2594 stellarum,
2191 2547 2289 2595 qua
2315 2533 2532 2583 Phoeni-

2600 2526 2649 2574 rs

286 2618 365 2654 ces
402 2607 662 2667 navigant3
712 2611 856 2668 put0,
898 2606 1014 2667 quia
1052 2605 1174 2653 civis
1212 2602 1371 2651 Mileti
1409 2602 1566 2650 factus
1606 2604 1858 2664 antiquam
1897 2604 2029 2666 apud
2067 2604 2340 2655 Phoenices
2381 2606 2528 2659 disci*-
2593 2613 2605 2621 ’

276 2677 460 2740 plinam
498 2679 681 2740 primus
719 2677 1009 2740 vulgaverit.
1088 2676 1136 2724 Is
1178 2675 1483 2738 disciplinam
1520 2676 1649 2735 anni,
1690 2675 1891 2724 allatam
1932 2691 1990 2725 ex
2015 2676 2297 2740 Phoenicia,
2339 2678 2538 2731 videtui*

280 2749 544 2799 contulisse
584 2765 692 2799 cum
730 2751 1001 2799 rationibus
1038 2748 1143 2796 ludi
1170 2746 1415 2813 Olympici
1442 2750 1490 2794 in
1519 2747 1755 2810 Graecia3
1794 2763 1906 2796 nam
1935 2755 2152 2799 mortuus
2192 2759 2265 2801 est
2302 2759 2527 2817 spectans

283 2821 528 2887 Olympia.
605 2822 716 2871 Hoc
753 2826 881 2872 enim
920 2825 963 2872 ei
1003 2822 1248 2870 tribuunt:
1288 2823 1497 2884 primum
1535 2821 1831 2883 astrologiae
1869 2829 2055 2871 secreta
2078 2826 2318 2887 rimatum‚
2358 2826 2559 2876 stellas·

280 2897 658 2959 contemplatum
697 2895 908 2945 ludibrio
946 2896 1098 2943 fuisse
1136 2896 1278 2954 anui,
1332 2908 1440 2942 cum
1480 2895 1528 2939 in
1567 2893 1761 2941 foveam
1804 2895 2079 2958 incidisset,
2130 2897 2259 2947 Solis
2310 2898 2526 2949 defectus

279 2971 721 3032 conversionesque
761 2970 989 3034 (τροπας)
1028 2966 1356 3030 praedixisse,
1410 2972 1462 3014 ut
1500 2965 1748 3015 Eudemus
1800 2969 1848 3014 in
1887 2967 2091 3018 historia
2130 2970 2188 3020 de
2226 2972 2520 3036 Astrologia.

277 3040 407 3091 Hinc
459 3042 580 3092 liber
631 3043 737 3105 ejus
788 3042 1060 3091 celebratur
1111 3040 1170 3089 de
1219 3040 1536 3088 conversione
1584 3045 1632 3087 et
1681 3043 1991 3102 aequinoctio
2039 3041 2167 3108 (περι
2215 3062 2410 3110 τροπων
2447 3065 2524 3095 και
2584 3065 2594 3091 ,-

279 3113 553 3181 ἰσημεριας).
629 3116 804 3177 Itaque
843 3115 968 3164 alius
1007 3116 1102 3163 ait:
1141 3114 1350 3176 primum
1385 3113 1622 3174 reperisse
1651 3111 1778 3161 Solis
1820 3129 2012 3163 cursum
2038 3130 2068 3164 a
2106 3119 2424 3167 conversione
2459 3116 2524 3168 ad
2590 3131 2598 3175 ζ

280 3191 648 3237 conversionem
687 3186 807 3252 (ἀπο
846 3207 1024 3254 τροπης
1061 3185 1137 3237 ἐπι
1174 3183 1400 3251 τροπην),
1454 3183 1604 3232 alius:
1644 3188 1758 3232 anni
1797 3192 2015 3250 tempora
2040 3188 2331 3254 illorumque
2372 3190 2522 3240 vicis-

278 3261 514 3311 situdines
564 3264 772 3324 primum
823 3263 1069 3311 invenisse
1119 3273 1327 3321 eumque
1374 3260 1423 3305 in
1463 3261 1566 3306 365
1608 3257 1709 3306 dies
1749 3259 1991 3313 divisisse.
2066 3263 2140 3310 Ex
2179 3278 2276 3325 quo
2317 3263 2522 3326 dubites,

278 3349 340 3382 an
387 3336 437 3382 in
475 3333 613 3383 Elide
661 3335 806 3383 suerit
852 3336 1122 3397 antiquitus
1169 3338 1289 3381 nota
1338 3331 1452 3379 anni
1501 3329 1772 3393 longitudo.
1850 3331 1990 3382 Unde
2042 3350 2157 3384 vero
2197 3336 2377 3386 Thales
2429 3339 2523 3386 ista

280 3407 518 3468 habuerit,
561 3407 742 3456 clarum
781 3422 840 3456 ex
880 3407 978 3456 alia
1017 3406 1302 3467 traditione3
1345 3418 1455 3452 cum
1479 3403 1736 3467 Aegyptiis
1775 3407 1903 3454 enim
1939 3408 2276 3457 sacerdotibus
2317 3424 2520 3459 conver-

277 3486 413 3528 satus
450 3481 613 3540 fertur,
654 3483 738 3543 qui
777 3496 829 3530 se
867 3483 1145 3529 inventores
1173 3480 1320 3527 etiam
1346 3475 1638 3539 astrologiae
1664 3477 1983 3539 perhibebant
2021 3487 2070 3531 et
2107 3496 2279 3531 causas
2308 3482 2520 3533 defectus

278 3552 448 3603 Lunae
488 3554 708 3602 sciebant
748 3555 1031 3617 antiquitus·
1107 3552 1264 3601 Natus
1304 3549 1382 3598 Ol.
1425 3553 1506 3610 35,
1547 3555 1686 3597 mort.
1731 3554 1812 3600 58.

449 3624 570 3688 Quis
612 3627 827 3691 dubitat,
865 3628 980 3689 quin
1020 3624 1217 3683 Thales,
1259 3621 1543 3685 disciplinae
1582 3621 1856 3686 Aegyptiae
1894 3625 2136 3686 imbutus,
2190 3641 2299 3676 cum
2340 3631 2386 3676 in
2424 3627 2518 3677 Jo-

277 3698 406 3746 niam
435 3705 483 3748 et
511 3699 767 3748 Graeciam
797 3702 1023 3759 venisset,
1067 3698 1302 3746 detexerit
1329 3695 1529 3744 Graecis
1558 3708 1764 3744 errorem
1803 3699 1918 3745 anni
1942 3701 2033 3758 sui,
2075 3701 2349 3762 ostendens,
2389 3699 2516 3764 quod

278 3783 375 3817 non
415 3776 462 3822 8.
500 3771 623 3820 Julii
661 3780 787 3821 retro
828 3774 1029 3831 extensi,
1071 3770 1157 3819 sed
1194 3770 1359 3818 multis
1399 3768 1569 3816 diebus
1609 3775 1754 3817 antea
1793 3772 2042 3833 contingat
2080 3776 2192 3820 anni
2231 3776 2516 3837 principium

277 3856 308 3890 a
344 3842 593 3893 solstitio?
667 3845 848 3895 Verum
889 3859 987 3894 non
1025 3843 1134 3892 ideo
1174 3844 1415 3906 sequitur,
1469 3839 1600 3906 quod
1647 3843 1894 3892 contendit
1933 3844 2172 3908 Scaliger,
2219 3848 2378 3910 ipsum
2424 3845 2516 3895 ad-
