2652 4088
3 1996 7 2001 ¹
39 1991 79 2004 -'fi

12 2023 23 2039 1
55 2008 130 2043 Ἰιῗδν

363 180 472 238 114
1257 175 1407 228 Notae
1436 181 1479 228 J.
1511 180 1698 239 Kepleri

363 328 741 374 obumbratarum.
803 323 927 381 Ergo
966 339 1057 370 non
1097 325 1304 380 sequitur
1333 325 1586 381 conclusio,
1626 333 1672 373 et
1701 328 1817 373 bene
1848 329 1970 385 quod
2000 341 2091 372 non
2120 330 2339 387 sequitur.
2399 330 2609 376 Maculae

363 395 480 439 enim
510 392 616 437 illae
635 391 794 435 Lunae
814 389 1010 445 majores
1042 395 1088 434 et
1117 390 1251 446 vulgo
1285 391 1557 446 conspicuae
1588 405 1679 438 non
1710 399 1816 439 sunt
1843 407 1969 438 mera
1999 394 2170 451 umbra,
2198 395 2322 450 J'acta
2351 396 2398 440 in
2430 397 2610 453 depres-

361 474 458 504 sam
489 455 770 515 superficiem
801 468 828 499 a
857 456 1085 501 montibus
1118 457 1406 513 editioribus,
1449 458 1531 503 sed
1574 463 1679 504 sunt
1717 459 1980 517 superficies
2008 459 2167 503 Lunae
2206 460 2390 505 humida
2420 468 2500 506 aut
2530 475 2609 519 pa·

359 524 530 580 lustris,
563 536 612 567 re
644 535 750 567 vera
779 520 1056 577 longissimis
1089 528 1281 567 extensa
1310 524 1485 579 spatiis.

535 588 603 634 60.
635 587 840 632 Occurrit
862 586 1126 642 objectioni:
1160 589 1198 633 si
1219 589 1423 634 maculae
1445 594 1597 636 essent
1615 593 1802 637 umbrae
1822 590 2055 648 montium,
2086 591 2339 637 videremus
2362 597 2406 636 et
2432 595 2608 636 montes

357 655 484 713 illos;
517 661 564 700 at
592 668 685 698 non
715 652 933 705 videmus,
965 665 1116 708 ergo.
1148 689 1159 699 .
1196 689 1204 699 .

531 722 602 767 61.
633 719 803 764 Lucius
835 717 915 764 fol.
946 718 1016 762 88.
1060 726 1376 777 argumentum
1406 733 1433 765 a
1461 722 1705 767 reflexione
1744 722 1926 766 luminis
1968 721 2151 777 solaris,
2202 736 2292 779 quo
2333 721 2609 779 probabatur

357 790 533 834 Lunam
564 798 664 832 esse
695 788 914 837 terream,
955 783 1210 841 dimiserat,
1253 791 1560 842 transgressus
1593 788 1651 832 ad
1681 787 1818 831 aliud.
1879 786 1982 830 Jam
2013 787 2299 842 Plutarchus,
2334 787 2388 831 de
2421 787 2610 844 singulis

357 868 486 902 suam
516 853 651 898 etiam
683 851 885 896 dicturus
918 852 1202 906 sententiam,
1234 851 1476 896 revertitur
1506 851 1564 895 ad
1593 851 1887 897 reflexionem
1919 858 1965 897 et
1997 855 2193 900 occurrit
2223 853 2490 910 objectioni,
2531 867 2610 898 cur

356 935 446 967 non
477 920 613 966 etiam
643 917 872 963 videamus
904 918 1144 974 imaginem
1175 916 1292 962 Solis
1323 918 1370 961 in
1400 918 1563 962 Luna?

532 989 600 1033 62.
635 984 956 1040 Subintellige:
993 984 1139 1038 „Solis
1170 984 1317 1040 imago
1350 997 1406 1028 ex
1438 997 1556 1040 aqua
1586 982 1756 1028 reflexo
1788 983 1916 1028 radio
1947 982 2180 1030 formata.“

531 1055 600 1100 63.
632 1053 758 1097 Haec
791 1050 982 1107 objectio
1018 1051 1224 1106 dirigitur
1253 1055 1377 1108 recta
1409 1055 1564 1093 contra
1594 1050 1935 1105 responsionem
1956 1049 2099 1105 Lucii,
2132 1050 2423 1095 reflexionem
2455 1048 2606 1094 defen-

357 1119 504 1166 dentis
537 1131 675 1174 supra
695 1117 775 1162 fol.
797 1118 870 1163 88.
904 1122 949 1161 et
977 1129 1122 1160 meam
1153 1121 1303 1161 notam
1324 1116 1426 1172 (32).
1477 1115 1594 1160 Nam
1625 1115 1866 1160 delineatio
1897 1115 1961 1160 ibi
1990 1129 2017 1160 a
2047 1128 2119 1160 me
2151 1115 2362 1173 suppleta
2391 1120 2609 1172 punctum

356 1185 566 1238 ostendit,
598 1184 644 1228 in
675 1197 764 1240 quo
795 1184 935 1228 videri
965 1184 1099 1228 debet
1122 1183 1267 1240 imago
1302 1181 1433 1227 Solis.
2178 1219 2180 1221 ,
2294 1236 2297 1239 ι

530 1250 597 1296 64.
630 1250 764 1294 Ratio
795 1249 908 1294 nihil
937 1249 995 1294 ad
1023 1263 1130 1304 rem,
1165 1263 1247 1295 nec
1267 1252 1471 1305 praestat
1497 1247 1822 1291 immunitatem
1849 1246 2221 1302 repraesentandi
2243 1247 2360 1293 Solis
2382 1248 2464 1293 sub
2485 1247 2604 1292 hori-

354 1322 486 1362 zonte
516 1317 737 1361 versantis
770 1316 882 1361 situs
916 1317 1086 1373 speculi
1116 1315 1266 1361 idonei
1294 1316 1342 1360 in
1373 1313 1569 1361 sublimi.

528 1383 598 1427 65.
631 1382 756 1426 Haec
785 1383 1020 1439 responsio
1051 1395 1158 1427 vera
1190 1381 1370 1437 quidem
1403 1386 1473 1425 est
1504 1386 1549 1425 et
1581 1393 1637 1424 ex
1669 1384 1778 1435 arte,
1812 1382 1858 1422 at
1887 1391 1979 1423 non
2010 1379 2118 1423 satis
2151 1378 2376 1435 explicata
2403 1385 2448 1423 et
2470 1378 2607 1423 clara.

358 1447 432 1494 Sic
466 1448 662 1494 debebat
690 1449 906 1505 proponi:
941 1448 1117 1493 etiamsi
1149 1447 1292 1501 detur,
1322 1449 1500 1493 Lunam
1531 1460 1633 1492 esse
1664 1445 1896 1502 speculum
1920 1446 2231 1501 tersissimum,
2269 1452 2419 1490 tamen
2442 1458 2543 1490 cum
2565 1451 2610 1490 et

356 1514 552 1558 rotunda
584 1514 642 1557 sit
673 1519 718 1557 et
749 1513 886 1559 distet
916 1513 1199 1571 longissime,
1242 1515 1388 1571 imago
1422 1514 1539 1559 Solis
1571 1512 1683 1557 adeo
1715 1512 1845 1556 fieret
1876 1511 2027 1566 exilis,
2060 1516 2110 1556 ut
2143 1519 2458 1570 evanesceret,
2501 1513 2607 1569 quia

353 1579 476 1624 visus
508 1578 734 1624 subtilitas
767 1592 857 1623 non
888 1586 958 1624 est
986 1580 1174 1625 infinita.
1238 1582 1448 1626 Convexa
1480 1580 1596 1624 enim
1629 1579 1843 1635 specula,
1876 1579 2010 1622 etiam
2041 1592 2141 1623 cum
2174 1579 2228 1623 de
2260 1579 2514 1636 propinquo
2544 1579 2608 1622 in-

357 1645 622 1703 spiciuntur,
652 1646 870 1703 imagines
903 1660 1052 1691 rerum
1082 1653 1317 1704 praestant
1347 1649 1556 1704 minores,
1591 1659 1724 1703 quam
1757 1645 1795 1689 si
1817 1645 1917 1700 quis
1942 1656 2018 1688 eas
2049 1657 2122 1689 res
2145 1644 2313 1689 directe
2343 1644 2605 1701 inspexerit,

353 1717 481 1757 tanto
512 1725 618 1756 vero
651 1725 828 1768 semper
859 1713 1054 1757 minores
1086 1714 1182 1769 has,
1217 1720 1388 1768 quanto
1419 1718 1528 1757 sunt
1556 1713 1658 1768 ipsa
1687 1711 1930 1755 remotiora
1961 1724 1987 1754 a
2008 1710 2122 1756 visu.
2172 1712 2234 1756 Et
2264 1717 2314 1756 ut
2343 1712 2466 1767 ipsas
2488 1710 2608 1755 fores

354 1778 463 1822 artis
494 1777 692 1834 aperiam
723 1778 780 1822 ad
811 1792 1021 1824 numeros
1053 1785 1254 1836 exactos,
1286 1779 1532 1836 perpende,
1568 1777 1689 1834 quod
1719 1777 1833 1821 radii
1863 1775 2023 1832 lucidi,
2057 1777 2112 1820 ab
2146 1777 2369 1833 oppositis
2402 1776 2608 1821 extremi-

354 1842 524 1887 tatibus
557 1856 661 1887 orae
685 1843 803 1887 Solis
835 1843 1023 1900 delapsi,
1058 1844 1251 1890 debeant
1282 1845 1402 1890 coire
1432 1846 1477 1888 in
1507 1845 1607 1900 ipso
1641 1848 1795 1888 centro
1827 1842 1976 1886 visus:
2009 1843 2095 1887 nisi
2128 1843 2246 1887 enim
2269 1843 2355 1888 hoc
2389 1843 2483 1901 fiat,
2517 1857 2609 1887 non

353 1906 577 1952 videbitur
607 1908 747 1953 totius
781 1909 898 1954 Solis
928 1910 1090 1967 imago.
1134 1911 1342 1967 Angulus
1373 1910 1512 1967 igitur
1542 1908 1678 1965 hujus
1711 1920 1957 1952 concursus
1988 1907 2141 1964 prodit
2172 1909 2472 1964 quantitatem
2502 1909 2609 1953 ima-

353 1974 469 2031 ginis
509 1974 626 2020 visui
667 1981 1049 2032 repraesentatae.
1113 1976 1286 2033 Quodsi
1328 1976 1516 2022 extremi
1553 1975 1599 2019 hi
1640 1975 1754 2019 radii
1791 1973 1995 2019 incidunt
2027 1974 2071 2018 in
2103 1975 2245 2019 visum
2287 1976 2478 2033 directe,
2520 1976 2607 2020 for-

352 2045 478 2085 mant
507 2040 725 2096 angulum
757 2043 1008 2098 quantitate
1040 2044 1239 2089 semissis
1270 2044 1403 2092 unius
1436 2042 1620 2101 gradus.
1660 2042 1782 2098 Ergo
1817 2042 1949 2085 etiam
1983 2041 2020 2085 si
2044 2053 2099 2084 ex
2132 2047 2285 2086 centro
2309 2043 2495 2099 speculi,
2529 2056 2609 2087 seu

349 2105 509 2151 Lunae
538 2106 585 2150 in
617 2105 839 2162 quadrato
873 2108 990 2153 Solis
1023 2109 1272 2155 collocatae
1304 2109 1529 2155 ducantur
1559 2113 1712 2153 rectae
1753 2106 1811 2151 ad
1844 2113 2069 2152 extremas
2103 2107 2220 2152 Solis
2261 2122 2389 2165 oras,
2435 2108 2607 2153 abscin-

353 2171 460 2218 dent
488 2171 594 2216 illae
626 2173 856 2218 semissem
886 2174 1052 2230 gradus
1085 2175 1140 2220 de
1172 2176 1457 2221 convexitate
1490 2174 1688 2233 speculi;
1730 2179 1923 2230 utraque
1953 2185 2059 2217 vero
2090 2180 2235 2231 recta,
2270 2175 2333 2219 sic
2363 2175 2500 2220 rectis
2532 2187 2608 2218 an-

351 2237 471 2295 gulis
502 2237 677 2295 illapsa,
710 2239 869 2283 iisdem
901 2247 1267 2298 repercuteretur
1298 2248 1343 2286 et
1366 2242 1432 2287 sic
1451 2241 1620 2285 rediret
1651 2239 1709 2284 ad
1742 2252 1872 2284 suum
1905 2253 2111 2296 quaeque
2132 2247 2350 2296 punctum
2382 2255 2463 2287 seu
2486 2254 2610 2287 oram

352 2304 483 2361 Solis,
514 2318 605 2350 non
637 2310 850 2350 coeuntes
882 2306 939 2350 ad
971 2321 1109 2352 unum
1149 2306 1332 2364 aliquod
1364 2313 1584 2363 punctum
1614 2305 1751 2350 visus.
1812 2302 1875 2349 Ut
1904 2306 2044 2362 igitur
2075 2308 2196 2351 coire
2234 2309 2431 2365 possint,
2472 2308 2608 2365 siqui·
2649 2358 2652 2367 Ι

353 2370 453 2415 dem
483 2370 606 2416 visus
649 2371 695 2416 in
735 2386 825 2416 una
863 2375 1147 2418 extremitate
1180 2374 1297 2418 Solis
1329 2374 1650 2429 collocaretur,
1691 2377 1923 2428 oporteret
1962 2385 2017 2416 ex
2060 2372 2272 2429 opposita
2305 2373 2422 2419 Solis
2454 2387 2532 2418 ora
2561 2374 2607 2418 in
2647 2391 2652 2417 ε

349 2441 568 2493 punctum
599 2436 772 2482 absecti
805 2451 938 2495 arcus
961 2440 1030 2486 30‘
1063 2440 1380 2486 intermedium
1415 2441 1519 2486 duci
1542 2439 1676 2485 aliam
1697 2443 1881 2494 rectam,
1914 2451 2028 2494 quae
2054 2439 2148 2494 jam
2172 2439 2422 2495 quadrante
2444 2441 2609 2496 gradus
2644 2429 2652 2500 ξ

349 2502 567 2548 inclinata
605 2504 858 2560 quadrante
903 2507 1040 2550 etiam
1080 2506 1168 2551 alio
1200 2512 1568 2562 repercuteretur
1609 2511 1655 2549 et
1686 2505 1751 2549 sic
1780 2505 1926 2549 visum
1956 2505 2003 2549 in
2033 2505 2178 2561 prima
2211 2505 2326 2550 Solis
2361 2520 2441 2551 ora
2473 2507 2606 2551 situm
2646 2517 2652 2537 ‘

352 2573 686 2624 assequeretur.
749 2570 993 2616 Translate
1025 2586 1130 2617 vero
1163 2571 1295 2616 oculo
1329 2572 1540 2616 deorsum
1573 2584 1599 2614 a
1632 2570 1736 2614 Sole
1768 2582 1925 2615 versus
1955 2571 2132 2615 Lunam
2164 2583 2246 2616 seu
2280 2573 2528 2629 speculum,
2560 2573 2606 2617 in
2642 2556 2652 2614 1

351 2632 684 2693 θᾶᾶθωξῙίῐιθα,
718 2650 834 2692 quae
867 2651 922 2682 ex
955 2651 1034 2682 ora
1056 2637 1174 2682 Solis
1204 2637 1248 2681 in
1281 2643 1484 2682 centrum
1516 2635 1688 2693 speculi
1721 2635 1927 2691 ducitur,
1971 2642 2188 2692 punctum
2220 2636 2482 2682 reflexionis
2514 2651 2604 2682 non

347 2699 442 2756 jam
472 2699 697 2746 bisecaret
727 2703 853 2747 illum
885 2718 1038 2749 arcum
1069 2705 1227 2749 Lunae
1259 2704 1353 2761 30⁴,
1397 2703 1478 2749 sed
1510 2708 1687 2748 secaret
1725 2703 1773 2746 in
1801 2702 2098 2759 proportione
2128 2702 2518 2758 propinquitatum
2549 2701 2606 2748 ad
2643 2749 2646 2756 ,

351 2765 587 2823 speculum
618 2767 737 2813 Solis
770 2774 815 2814 et
846 2769 983 2815 visus.
1021 2771 1082 2816 At
1113 2771 1191 2816 Sol
1223 2772 1277 2817 59
1308 2771 1482 2815 vicibus
1514 2776 1584 2815 est
1613 2769 1827 2814 remotior
1848 2783 1875 2813 a
1895 2769 2027 2812 Luna
2054 2767 2229 2812 bisecta
2261 2775 2306 2812 et
2329 2769 2387 2814 60
2408 2782 2435 2811 a
2454 2769 2604 2826 plena,

351 2845 487 2888 quam
519 2832 662 2877 Terra
692 2846 773 2879 seu
802 2835 929 2882 visus
973 2836 1029 2881 ab
1061 2836 1217 2881 eadem
1247 2837 1392 2881 Luna.
1454 2835 1746 2890 Sexagesima
1776 2834 1914 2888 igitur
1943 2846 2049 2890 pars
2081 2845 2212 2877 arcus
2245 2835 2317 2879 30⁴
2347 2833 2498 2878 radios
2530 2845 2607 2877 ex·
2632 2844 2635 2848 ’

348 2902 591 2942 tremarum
621 2899 739 2944 Solis
772 2914 954 2947 orarum
983 2908 1295 2960 repercuteret
1325 2905 1369 2946 in
1403 2908 1607 2946 centrum
1637 2901 1783 2956 visus,
1824 2900 1912 2944 hoc
1944 2904 2014 2944 est
2045 2900 2146 2945 30¹¹.
2210 2899 2410 2956 (Sufficit
2440 2899 2528 2943 hoc
2557 2898 2605 2943 in
2636 2899 2647 2954 j

347 2963 581 3019 praesenti
611 2964 810 3020 negotio,
842 2966 920 3028 ubi
949 2979 1083 3012 arcus
1113 2981 1140 3012 a
1171 2967 1264 3011 suis
1293 2967 1524 3012 subtensis
1554 2966 1688 3022 plane
1718 2964 1828 3009 nihil
1861 2963 2011 3008 differt
2038 2964 2095 3009 ad
2117 2977 2315 3010 sensum.
2367 2964 2604 3010 Problema
2628 2989 2631 2997 ·

348 3028 498 3085 ipsum
529 3029 801 3089 universale,
829 3020 1087 3091 iffieniendi
1117 3039 1335 3089 punctum
1364 3031 1622 3077 reflexionis
1653 3030 1699 3074 in
1721 3029 1904 3086 speculo
1927 3043 2146 3087 convexo,
2180 3044 2280 3075 cum
2301 3031 2483 3076 Vitellio
2513 3042 2604 3074 non
2633 3054 2636 3058 Δ

350 3095 410 3140 sit
440 3095 498 3140 ad
518 3109 692 3150 manUS,
725 3111 817 3143 non
837 3097 965 3144 lubet
983 3113 1103 3144 nunc
1125 3100 1327 3155 vexare.)
1389 3098 1641 3154 Quaeritur,
1673 3097 1746 3140 hic
1766 3109 1932 3152 parvus
1964 3110 2095 3141 arcus
2127 3097 2284 3141 Lunae
2316 3111 2406 3153 quo
2437 3095 2614 3153 angulo,
2640 3128 2641 3131 =

348 3166 557 3206 cernatur
588 3174 646 3205 ex
666 3161 845 3207 Terra?
883 3165 982 3209 Hoc
1003 3165 1139 3210 facile
1161 3170 1490 3221 computamus.
1531 3164 1647 3207 Nam
1670 3162 1708 3206 si
1739 3162 1862 3205 sinus
1892 3166 2014 3206 totus
2047 3176 2127 3207 seu
2159 3163 2487 3207 semidiameter
2507 3174 2602 3206 cor-

346 3227 470 3283 poris
501 3226 670 3273 lunaris
693 3229 944 3285 explicetur
963 3243 1148 3275 numero
1172 3230 1240 3286 60,
1272 3235 1323 3273 ut
1354 3229 1471 3273 solet
1490 3228 1893 3283 Regiomontanus,
1926 3230 2035 3271 tunc
2067 3228 2190 3272 sinus
2222 3241 2354 3273 arcus
2373 3229 2459 3274 30⁰
2482 3227 2623 3283 capit.
2646 3227 2652 3268 j

349 3304 484 3347 quam
514 3293 716 3349 proxime
747 3295 804 3340 30
835 3295 982 3340 tertia.
1044 3295 1146 3339 Jam
1177 3308 1281 3339 vero
1313 3294 1391 3340 illa
1424 3296 1495 3340 60‘
1538 3293 1708 3337 lunaris
1748 3292 2067 3336 semidiametri
2114 3293 2323 3339 videntur
2364 3295 2412 3338 in
2449 3287 2620 3338 Terris

346 3357 510 3412 angulo
546 3359 639 3415 15¹,
683 3371 791 3417 ergo
832 3361 911 3405 illa
943 3362 1002 3407 30
1041 3361 1174 3406 tertia
1205 3362 1261 3405 de
1293 3361 1624 3405 semidiametro
1656 3359 1811 3402 Lunae
1848 3357 2124 3414 videbuntur
2166 3359 2214 3402 in
2245 3359 2397 3404 Terris
2436 3357 2611 3413 angulos

350 3423 407 3479 72¹2
436 3422 693 3482 tertiorum,
730 3439 846 3481 quae
879 3432 985 3472 sunt
1013 3441 1120 3484 pars
1152 3433 1314 3472 octava
1345 3427 1400 3471 de
1433 3440 1523 3470 uno
1554 3423 1755 3470 secundo
1787 3428 1833 3468 et
1863 3436 1969 3479 pars
2002 3423 2443 3480 quadringentesima
2474 3429 2621 3468 octo-

349 3490 519 3545 gesima
549 3490 604 3535 de
636 3505 726 3536 uno
756 3493 929 3551 primo,
964 3493 1158 3550 denique
1188 3506 1294 3550 pars
1326 3491 1672 3551 quatuordecies
1701 3489 1939 3535 millesima
1969 3489 2414 3546 quadringentesima
2444 3488 2499 3533 de
2529 3487 2600 3534 30⁴

345 3554 517 3610 primis,
550 3568 633 3600 seu
662 3556 718 3600 de
748 3562 846 3603 tota
875 3558 1090 3603 diametro
1121 3559 1280 3604 Lunae
1311 3563 1570 3615 apparente.
1640 3557 1762 3601 Ecce
1799 3568 1933 3612 quam
1963 3556 2093 3600 exilis
2123 3556 2205 3600 fiat
2237 3556 2458 3601 diameter
2491 3555 2600 3601 imae

349 3622 464 3677 ginis
496 3619 629 3677 Solis,
666 3622 704 3666 si
732 3629 928 3679 ponatur
956 3624 1090 3668 Luna
1120 3624 1368 3681 speculum,
1401 3638 1502 3668 cum
1532 3622 1669 3679 plena
1699 3626 1782 3665 est.
1842 3621 1896 3665 In
1929 3621 2204 3676 quadratura
2232 3635 2306 3667 res
2335 3635 2427 3666 non
2455 3618 2552 3665 mul
2583 3642 2587 3656 ι

345 3687 483 3732 habet
513 3689 667 3746 aliter,
710 3689 797 3734 nisi
829 3691 948 3746 quod
979 3696 1088 3735 tunc
1117 3696 1337 3746 punctum
1367 3689 1628 3735 reflexionis
1659 3689 1831 3733 recedit
1861 3689 1919 3733 ad
1951 3688 2072 3732 latus
2102 3687 2224 3742 globi
2255 3688 2413 3732 Lunae
2443 3698 2496 3731 ve
2529 3704 2543 3722 2—
2586 3691 2602 3740 -j,
2622 3711 2644 3750 ,ὴί

347 3751 497 3797 Solem
528 3754 601 3810 (ut
629 3753 707 3802 fol.
739 3756 837 3801 110.
889 3761 1108 3811 punctum
1138 3756 1200 3813 1),
1245 3756 1415 3801 faciens
1463 3755 1729 3798 diametrum
1759 3752 1968 3811 imaginis
1997 3755 2045 3798 in
2073 3752 2202 3798 illam
2229 3752 2410 3810 plagam
2440 3756 2575 3797 exten
2639 3759 2642 3763 ’

347 3830 443 3864 sam
477 3818 626 3864 adhuc
656 3822 978 3879 angustiorem,
1011 3824 1179 3880 quippe
1209 3822 1418 3879 imaginis
1449 3820 1639 3875 figuram
1670 3818 1932 3875 ellipticam.
2576 3826 2596 3871 ,.·

521 3883 589 3930 66.
624 3883 881 3942 Responsio
914 3892 984 3933 est
1014 3885 1199 3944 optima,
1231 3892 1548 3944 praeterquam
1579 3885 1696 3930 enim
1728 3886 1850 3943 quod
1879 3884 2119 3943 imaginem
2147 3883 2269 3930 tollit
2295 3884 2344 3930 in
2365 3882 2485 3932 omni
2505 3880 2595 3930 Β’·’
2621 3915 2625 3918 -
