2652 4088
1059 148 1096 195 Ι.
1127 147 1467 194 mathematica.
2286 150 2395 210 147

137 303 214 344 tus
244 297 442 355 Kepleri,
473 296 636 354 quibus
665 307 953 342 numerorum
981 293 1203 340 theoriam
1235 293 1480 352 explanare
1511 291 1749 352 studebat,
1779 293 1856 351 qui
1887 292 2000 340 nihil
2030 294 2089 342 ad
2122 293 2395 351 „institutio-

136 365 249 411 nes“
281 364 384 410 illas
414 363 601 411 faciunt.

704 507 807 589 De
858 505 1440 589 Quantitatibus
1493 504 1799 589 Libelli.

1057 647 1485 703 Argumentum.

3 796 5 808 Α
304 746 505 796 Libro
557 747 765 809 primo
815 744 1033 796 dicemus
1081 746 1140 795 de
1188 747 1540 809 quantitatibus
1554 783 1568 808 ,
1610 751 1850 809 quatenus
1889 752 2001 795 sunt
2041 744 2091 794 in
2131 745 2387 811 praedica*

31 869 39 878 ,
133 825 296 870 mento
335 820 637 883 quantitatis.

306 893 503 942 Libro
544 890 822 940 secundo
862 891 921 941 de
962 892 1332 955 quantitatibus,
1374 897 1615 954 quatenus
1641 897 1754 947 sunt
1780 893 1828 940 in
1869 898 2042 956 quarta
2067 894 2228 956 specie
2265 906 2390 956 qua-⁶

135 965 304 1027 litatis,
343 979 514 1029 nempe
554 963 614 1012 de
651 963 817 1027 figuris
855 979 1118 1028 earumque
1157 965 1465 1028 perfectione.

8 1081 11 1096 ι
303 1038 502 1087 Libro
554 1039 739 1086 tertio
793 1037 852 1086 de
905 1039 1288 1100 quantitatibuS,
1347 1044 1588 1100 quatenus
1641 1038 1690 1085 in
1743 1036 2135 1102 praedicamento
2187 1037 2389 1088 relatio-

36 1104 42 1107 ’
133 1113 209 1160 nis
248 1117 375 1161 sunt.
427 1111 575 1171 (Libri
604 1113 662 1160 11.
695 1119 740 1158 et
773 1113 853 1158 III.
888 1113 1240 1171 desiderantur.)

972 1255 1172 1322 Liber
1228 1254 1519 1322 Primus.

1113 1385 1303 1466 Caput
1356 1389 1405 1451 1.
1573 1363 1575 1365 Ὺ

630 1516 715 1563 De
751 1514 1084 1572 Disciplinis
1122 1515 1481 1562 ¹theoreticis
1518 1515 1581 1562 in
1618 1516 1855 1563 Genere.

126 1681 487 1747 disciplinarum
527 1682 737 1730 instituit
774 1681 938 1742 talem,
978 1687 1031 1730 ut
1071 1682 1310 1745 quasdam
1336 1686 1633 1748 θεωρετικας
1659 1682 1803 1743 dicat,
1844 1681 2082 1744 quasdam
2108 1700 2388 1748 πρακτικας.

124 1756 199 1804 Ex
238 1757 416 1818 quibus
455 1757 833 1820 praestantiores
872 1757 941 1803 ait
980 1769 1087 1804 esse
1129 1755 1435 1805 theoreticaS.
1497 1756 1673 1819 Itaque
1714 1754 2119 1819 contemplativas
2157 1758 2386 1805 scientias

23 1862 51 1880 .
122 1835 296 1894 postea
333 1828 604 1877 subdividit
642 1830 691 1875 in
732 1835 843 1889 tres,
885 1843 1009 1891 quas
1050 1829 1143 1877 hoc
1183 1829 1348 1878 ordine
1387 1836 1628 1888 recenset,
1669 1829 2085 1890 Mathematicam‚
2125 1828 2390 1894 Physicam

123 1909 173 1951 et
208 1901 573 1965 Theologieam.
650 1900 819 1950 Solent
865 1903 1031 1964 itaque
1080 1902 1327 1966 disputare
1367 1902 1667 1966 philosophi,
1720 1916 1961 1966 quaenam
2013 1917 2071 1950 ex
2117 1902 2193 1950 his
2233 1904 2386 1951 tribus

26 2009 29 2028 ,
122 1976 187 2023 sit
227 1975 591 2039 praestantior?
653 1974 1064 2039 Respondendum
1104 1983 1268 2024 autem
1309 1983 1382 2024 est
1421 1976 1672 2024 bifariam:
1726 1979 1931 2040 primum
1973 1989 2081 2023 eum
2122 1977 2228 2039 ipso
2271 1976 2387 2024 Ari-

26 2047 30 2108 ’ᾗ
121 2049 310 2097 stotelis
347 2055 511 2098 textu·
561 2050 603 2097 si
645 2048 919 2111 subjectum
959 2051 1117 2112 ipsum
1157 2051 1456 2109 intueamur,
1500 2051 1669 2112 utique
1709 2050 2045 2113 pretiosiorem
2085 2063 2190 2098 esse
2231 2047 2385 2110 illam,

28 2126 31 2171 }
122 2135 250 2184 quae
290 2124 417 2170 circa
453 2124 921 2186 praestantissimum
968 2137 1123 2184 genus
1174 2137 1332 2171 lerum
1371 2129 1609 2194 versatur:
1686 2122 1849 2185 Atque
1889 2122 1983 2170 hoc
2020 2123 2215 2171 nomine
2254 2122 2383 2187 phy-

29 2222 33 2256 3
120 2196 222 2243 sica
261 2196 465 2244 scientia
501 2202 747 2259 postrema
785 2197 901 2256 erit,
942 2195 1221 2258 theologica
1260 2211 1476 2255 summa,
1519 2195 1862 2244 mathematica
1902 2195 2202 2244 intermedia.
2257 2194 2381 2244 Nam

31 2262 62 2334 *⁶
120 2269 211 2316 etsi
248 2270 297 2316 in
336 2270 550 2316 omnium
589 2270 732 2317 trium
758 2268 994 2330 subjectis
1024 2268 1291 2318 divinitatis
1331 2269 1589 2333 plurimum
1619 2271 1798 2329 existit,
1841 2269 2011 2318 eodem
2052 2269 2160 2318 loco
2189 2268 2383 2318 Aristo-

119 2340 229 2389 telis
267 2341 589 2403 testificante,
630 2347 790 2390 tamen
830 2341 952 2390 libro
992 2344 1147 2406 primo
1188 2342 1639 2406 Metapliysicorum
1680 2357 1785 2406 cap.
1830 2347 1875 2391 6.
1916 2342 2088 2390 laudat
2125 2341 2382 2391 Platonem

117 2412 439 2479 philosophus
478 2416 736 2477 (concessa
762 2413 832 2461 illi
860 2429 946 2477 per
970 2415 1262 2479 hypothesin
1301 2415 1534 2480 peculiari
1576 2416 1793 2464 doctrina
1829 2428 1918 2463 sua
1957 2414 2016 2465 de
2042 2415 2205 2477 ideis),
2248 2414 2382 2479 quod

35 2489 38 2534 ἱ
119 2488 244 2536 inter
282 2488 418 2537 ideas
458 2494 506 2536 et
544 2488 743 2536 sensilia
781 2488 942 2536 medio
981 2489 1090 2537 loco
1130 2490 1362 2538 interesse
1402 2489 1749 2537 mathematica
1787 2494 1986 2548 statuat,
2029 2503 2156 2552 quae
2195 2504 2226 2537 a
2265 2503 2379 2538 sen-

35 2553 39 2607 ἶ
118 2559 292 2609 silibus
349 2576 408 2611 eo
448 2561 693 2623 differant,
743 2560 876 2624 quod
920 2563 1214 2626 sempiterna
1252 2568 1299 2611 et
1338 2562 1605 2611 immobilia
1653 2564 1771 2622 sint,
1826 2563 1888 2610 ab
1928 2562 2051 2610 ideis
2102 2575 2218 2611 vero
2275 2564 2381 2612 sive

68 2642 75 2647 ’
122 2634 404 2698 speciebus,
445 2635 578 2697 quod
617 2649 669 2683 se
708 2636 826 2698 ipsis
866 2634 959 2685 hae
983 2635 1220 2697 rsingulae
1258 2650 1409 2683 unum
1449 2635 1565 2698 quid
1603 2635 1908 2684 solummodo
1949 2637 2068 2696 sint,
2107 2635 2382 2685 mathema-

39 2707 42 2770 }
122 2707 224 2755 tica
262 2721 378 2756 vero
416 2708 571 2756 multa
610 2714 658 2756 et
695 2709 788 2756 sibi
827 2705 1019 2758 similia.
1075 2709 1146 2756 Ex
1188 2723 1285 2771 quo
1324 2709 1432 2758 loco
1462 2709 1735 2772 colligimus
1774 2708 1838 2768 id,
1881 2708 2012 2772 quod
2052 2711 2230 2773 passim
2259 2709 2378 2758 alibi

40 2793 47 2847 j
101 2778 413 2830 *Aristoteles
457 2780 668 2829 inculcat
705 2781 976 2844 subjectum
1026 2782 1417 2843 mathematices,
1468 2782 1754 2831 intermedio
1801 2782 1910 2830 loco
1951 2797 2057 2831 esse
2097 2784 2219 2831 inter
2258 2783 2378 2830 sub·-

45 2851 47 2857 ’
116 2850 300 2915 jectum
345 2854 571 2919 physices
611 2859 660 2902 et
696 2855 971 2917 theologiae
1019 2857 1123 2904 sive
1162 2855 1534 2919 metaphysices
1610 2856 1735 2904 Nam
1774 2855 2138 2919 metaphysicus
2189 2855 2378 2919 simpli-

121 2925 312 2976 cissime
348 2927 621 2990 subjectum
651 2941 792 2975 suum
819 2942 968 2977 causa
995 2931 1234 2978 essentiae
1262 2929 1547 2989 considerat,
1590 2935 1832 2991 quatenus
1871 2943 1923 2977 se
1965 2931 2069 2992 ipso
2096 2928 2372 2989 subnixum,

48 3006 50 3009 ’
118 3005 367 3048 aeternum
405 3007 454 3050 et
491 3007 651 3049 motus
691 3015 862 3065 expers
902 3000 949 3049 id
989 3009 1075 3060 est,
1115 3002 1485 3050 mathematicus
1526 3016 1639 3051 vero
1678 3017 1819 3050 suurn
1859 3001 2132 3050 considerat
2172 3001 2374 3064 subjec-

50 3090 52 3113 =
115 3076 217 3120 tum
256 3087 407 3122 causa
443 3073 747 3136 quorundam
785 3074 1122 3134 accidentium,
1163 3090 1289 3138 quae
1329 3076 1550 3137 subJecto
1591 3075 1660 3122 illi
1699 3077 1899 3124 seorsim
1942 3080 2235 3138 competunt,
2278 3087 2374 3122 non

116 3150 355 3208 quatenus
392 3146 442 3194 id
482 3146 763 3211 simpliciter
801 3147 897 3195 Ens
938 3147 1147 3210 aliquid,
1202 3147 1289 3196 sed
1338 3153 1578 3210 quatenus
1632 3155 1866 3211 quantum
1918 3154 2006 3197 est.
2086 3145 2375 3196 Considerat

53 3213 55 3217 ’
115 3222 277 3268 tamen
315 3219 365 3267 id
402 3219 716 3268 nihilominus
756 3221 897 3282 quasi
937 3227 1200 3281 aeternum,
1240 3227 1400 3269 motus
1439 3235 1609 3285 expers
1651 3226 1698 3270 et
1737 3220 1979 3283 generale,
2021 3220 2318 3268 abstractum
2346 3234 2376 3268 a

1 3293 3 3299 '
56 3351 57 3354 Ἴ
116 3292 392 3340 sensilibus.
471 3292 536 3340 At
573 3292 803 3357 physicus
842 3293 1115 3355 subjectum
1154 3308 1294 3342 suum
1335 3308 1483 3342 causa
1522 3299 1682 3342 motus
1724 3292 1997 3342 considerat
2046 3292 2260 3356 quidque
2300 3291 2369 3340 illi

120 3371 361 3427 quatenus
400 3372 623 3414 movetur
659 3364 878 3425 accidat,
931 3380 1027 3428 quo
1077 3368 1271 3415 nomine
1312 3373 1359 3414 et
1399 3366 1459 3414 ad
1499 3366 1696 3415 sensilia
1736 3368 1932 3430 propius
1971 3365 2161 3415 accedit
2201 3372 2249 3415 et
2288 3380 2373 3415 ca-

4 3434 7 3456 ¹
59 3478 61 3487 ,
118 3435 293 3485 ducum
331 3444 479 3501 atque
517 3438 700 3486 fluxum
739 3437 904 3486 efficit.
971 3438 1091 3486 Cum
1132 3441 1298 3502 itaque
1337 3439 1430 3486 hoc
1470 3440 1622 3502 primo
1655 3447 1875 3502 respectu
1916 3440 1978 3487 sit
2003 3438 2374 3488 mathemati'ces

59 3496 61 3547 ἶ
114 3510 389 3573 sanectum
435 3509 596 3559 medio
643 3510 751 3559 loco
791 3512 914 3559 inter
950 3511 1245 3574 reliquarum
1284 3510 1655 3560 theoreticarum
1703 3512 1948 3574 subJecta,
2006 3510 2176 3561 eodem
2227 3513 2372 3562 etiam

75 3635 78 3638 ,
113 3578 223 3632 loco
262 3583 586 3633 censebuntur
623 3584 758 3646 ipsae
797 3584 1042 3633 scientiae.

291 3655 482 3705 Deinde
509 3658 548 3703 si
577 3655 943 3720 amplitudinem
970 3656 1298 3718 subJectorum
1328 3654 1705 3716 consideremus,
1747 3656 2117 3721 methaphysica
2158 3665 2372 3722 praestat

54 3695 67 3749 3·
117 3729 353 3790 omnibu3‚
395 3731 510 3791 quia
548 3729 821 3791 subjectum
859 3728 1023 3787 habet,
1064 3728 1195 3791 quod
1235 3743 1424 3777 omnem
1457 3729 1955 3792 praedicamentorum
1996 3731 2368 3795 amplitudinem

0 3852 4 3859 ,
67 3825 70 3854 ς
115 3809 338 3866 superat,
378 3807 674 3866 pervagatur
708 3808 756 3850 et
794 3801 1154 3865 complectitur,
1197 3802 1291 3850 Ens
1331 3817 1538 3865 namque
1566 3810 1637 3851 est
1665 3818 1812 3851 unum
1852 3818 1909 3852 ex
1953 3805 2367 3855 transscendenti-

67 3864 72 3925 l
115 3869 222 3923 bus.
297 3874 532 3940 Physices
574 3889 686 3924 vero
725 3881 774 3924 et
811 3874 1178 3926 mathematices
1217 3875 1441 3938 subjecta
1492 3883 1726 3939 quantum
1764 3876 1824 3926 ad
1865 3877 2129 3939 singularia
2167 3884 2215 3928 et
2251 3893 2365 3927 sen-

1936 3960 2018 4008 10

298 1608 586 1658 Aristoteles
646 1608 770 1656 libro
830 1609 984 1670 primo
1037 1607 1487 1672 Metaphysieorum
1540 1610 1697 1673 capite
1751 1610 1907 1673 primo
1971 1610 2385 1672 comparationem
2470 1679 2476 1684 ι
