<?xml version="1.0" encoding="UTF-8"?>
<!DOCTYPE html PUBLIC "-//W3C//DTD XHTML 1.0 Transitional//EN"
    "http://www.w3.org/TR/xhtml1/DTD/xhtml1-transitional.dtd">
<html xmlns="http://www.w3.org/1999/xhtml" xml:lang="en" lang="en">
 <head>
  <title>
</title>
<meta http-equiv="Content-Type" content="text/html;charset=utf-8" />
  <meta name='ocr-system' content='tesseract 3.04.00' />
  <meta name='ocr-capabilities' content='ocr_page ocr_carea ocr_par ocr_line ocrx_word'/>
</head>
<body>
  <div class='ocr_page' id='page_1' title='image "./operaomniaedidit81kepluoft_0080.png"; bbox 0 0 2652 4088; ppageno 0'>
   <div class='ocr_carea' id='block_1_1' title="bbox 369 191 2143 270">
    <p class='ocr_par' dir='ltr' id='par_1_1' title="bbox 369 191 2143 270">
     <span class='ocr_line' id='line_1_1' title="bbox 369 191 2143 270; baseline -0.011 0"><span class='ocrx_word' id='word_1_1' title='bbox 369 211 437 270; x_wconf 80' lang='grc'>66</span> <span class='ocrx_word' id='word_1_2' title='bbox 823 209 1011 258; x_wconf 85' lang='lat' dir='ltr'>Joannis</span> <span class='ocrx_word' id='word_1_3' title='bbox 1043 209 1231 269; x_wconf 89' lang='lat' dir='ltr'>Kepleri</span> <span class='ocrx_word' id='word_1_4' title='bbox 1261 209 1409 256; x_wconf 86' lang='lat' dir='ltr'>Notae</span> <span class='ocrx_word' id='word_1_5' title='bbox 1436 208 1484 255; x_wconf 90' lang='lat' dir='ltr'>in</span> <span class='ocrx_word' id='word_1_6' title='bbox 1511 209 1740 256; x_wconf 89' lang='lat' dir='ltr'>Somnium</span> <span class='ocrx_word' id='word_1_7' title='bbox 1769 191 2143 259; x_wconf 63' lang='lat' dir='ltr'>Astronai&#39;uicum,</span> 
     </span>
    </p>
   </div>
   <div class='ocr_carea' id='block_1_2' title="bbox 357 354 2614 2192">
    <p class='ocr_par' dir='ltr' id='par_1_2' title="bbox 360 354 2612 1006">
     <span class='ocr_line' id='line_1_2' title="bbox 541 354 2608 414; baseline -0.001 -12"><span class='ocrx_word' id='word_1_8' title='bbox 541 355 781 402; x_wconf 84' lang='lat' dir='ltr'>Transilivi</span> <span class='ocrx_word' id='word_1_9' title='bbox 810 356 1127 402; x_wconf 84' lang='lat' dir='ltr'>documentum</span> <span class='ocrx_word' id='word_1_10' title='bbox 1157 357 1362 412; x_wconf 88' lang='lat' dir='ltr'>tertium;</span> <span class='ocrx_word' id='word_1_11' title='bbox 1393 356 1440 401; x_wconf 93' lang='lat' dir='ltr'>id</span> <span class='ocrx_word' id='word_1_12' title='bbox 1470 356 1727 414; x_wconf 81' lang='lat' dir='ltr'><strong>disputator</strong></span> <span class='ocrx_word' id='word_1_13' title='bbox 1755 357 1891 403; x_wconf 86' lang='lat' dir='ltr'>infert</span> <span class='ocrx_word' id='word_1_14' title='bbox 1918 357 2038 402; x_wconf 89' lang='lat' dir='ltr'>thesi</span> <span class='ocrx_word' id='word_1_15' title='bbox 2071 357 2166 402; x_wconf 84' lang='lat'>149.</span> <span class='ocrx_word' id='word_1_16' title='bbox 2215 354 2431 401; x_wconf 86' lang='lat' dir='ltr'>Lucentis</span> <span class='ocrx_word' id='word_1_17' title='bbox 2451 355 2608 400; x_wconf 88' lang='lat' dir='ltr'>Lunae</span> 
     </span>
     <span class='ocr_line' id='line_1_3' title="bbox 365 422 2608 481; baseline -0.002 -11"><span class='ocrx_word' id='word_1_18' title='bbox 365 431 518 481; x_wconf 85' lang='lat' dir='ltr'>margo</span> <span class='ocrx_word' id='word_1_19' title='bbox 560 424 709 468; x_wconf 89' lang='lat' dir='ltr'>clarus</span> <span class='ocrx_word' id='word_1_20' title='bbox 749 429 795 467; x_wconf 92' lang='lat' dir='ltr'>et</span> <span class='ocrx_word' id='word_1_21' title='bbox 833 437 975 480; x_wconf 89' lang='lat' dir='ltr'>purus</span> <span class='ocrx_word' id='word_1_22' title='bbox 1007 428 1076 467; x_wconf 89' lang='lat' dir='ltr'>est</span> <span class='ocrx_word' id='word_1_23' title='bbox 1107 427 1153 466; x_wconf 90' lang='lat' dir='ltr'>et</span> <span class='ocrx_word' id='word_1_24' title='bbox 1184 423 1279 467; x_wconf 89' lang='lat' dir='ltr'>sine</span> <span class='ocrx_word' id='word_1_25' title='bbox 1310 422 1517 475; x_wconf 83' lang='lat' dir='ltr'>maculis,</span> <span class='ocrx_word' id='word_1_26' title='bbox 1558 422 1605 465; x_wconf 91' lang='lat' dir='ltr'>in</span> <span class='ocrx_word' id='word_1_27' title='bbox 1642 423 1788 468; x_wconf 82' lang='lat' dir='ltr'>medio</span> <span class='ocrx_word' id='word_1_28' title='bbox 1826 429 1924 468; x_wconf 90' lang='lat' dir='ltr'>tota</span> <span class='ocrx_word' id='word_1_29' title='bbox 1954 424 2088 468; x_wconf 88' lang='lat' dir='ltr'>Luna</span> <span class='ocrx_word' id='word_1_30' title='bbox 2123 423 2354 468; x_wconf 86' lang='lat' dir='ltr'>maculosa</span> <span class='ocrx_word' id='word_1_31' title='bbox 2396 427 2608 478; x_wconf 87' lang='lat' dir='ltr'>apparet:</span> 
     </span>
     <span class='ocr_line' id='line_1_4' title="bbox 367 488 2610 547; baseline -0.002 -12"><span class='ocrx_word' id='word_1_32' title='bbox 367 491 472 547; x_wconf 88' lang='lat' dir='ltr'>quia</span> <span class='ocrx_word' id='word_1_33' title='bbox 501 488 708 533; x_wconf 87' lang='lat' dir='ltr'>nimirum</span> <span class='ocrx_word' id='word_1_34' title='bbox 739 492 817 533; x_wconf 71' lang='lat' dir='ltr'>aer</span> <span class='ocrx_word' id='word_1_35' title='bbox 846 488 1018 533; x_wconf 87' lang='lat' dir='ltr'>lunaris</span> <span class='ocrx_word' id='word_1_36' title='bbox 1049 489 1095 531; x_wconf 92' lang='lat' dir='ltr'>in</span> <span class='ocrx_word' id='word_1_37' title='bbox 1125 489 1274 533; x_wconf 88' lang='lat' dir='ltr'>medio</span> <span class='ocrx_word' id='word_1_38' title='bbox 1306 502 1494 544; x_wconf 90' lang='lat' dir='ltr'>corpore</span> <span class='ocrx_word' id='word_1_39' title='bbox 1523 502 1652 534; x_wconf 85' lang='lat' dir='ltr'>rarus</span> <span class='ocrx_word' id='word_1_40' title='bbox 1686 496 1731 534; x_wconf 88' lang='lat' dir='ltr'>et</span> <span class='ocrx_word' id='word_1_41' title='bbox 1760 489 1955 533; x_wconf 86' lang='lat' dir='ltr'>vadosus</span> <span class='ocrx_word' id='word_1_42' title='bbox 1987 490 2031 532; x_wconf 92' lang='lat' dir='ltr'>in</span> <span class='ocrx_word' id='word_1_43' title='bbox 2064 489 2267 545; x_wconf 82' lang='lat' dir='ltr'><strong>devexis,</strong></span> <span class='ocrx_word' id='word_1_44' title='bbox 2308 501 2464 532; x_wconf 86' lang='lat' dir='ltr'>versus</span> <span class='ocrx_word' id='word_1_45' title='bbox 2494 500 2610 531; x_wconf 90' lang='lat' dir='ltr'>mar-</span> 
     </span>
     <span class='ocr_line' id='line_1_5' title="bbox 364 552 2610 612; baseline -0.003 -12"><span class='ocrx_word' id='word_1_46' title='bbox 364 557 490 612; x_wconf 85' lang='lat' dir='ltr'>gines</span> <span class='ocrx_word' id='word_1_47' title='bbox 519 552 768 610; x_wconf 82' lang='lat' dir='ltr'>profundus</span> <span class='ocrx_word' id='word_1_48' title='bbox 800 553 995 598; x_wconf 89' lang='lat' dir='ltr'>occurrit</span> <span class='ocrx_word' id='word_1_49' title='bbox 1015 554 1140 597; x_wconf 87' lang='lat' dir='ltr'>visui.</span> <span class='ocrx_word' id='word_1_50' title='bbox 1185 554 1258 598; x_wconf 88' lang='lat' dir='ltr'>Sic</span> <span class='ocrx_word' id='word_1_51' title='bbox 1289 554 1406 598; x_wconf 89' lang='lat' dir='ltr'>enim</span> <span class='ocrx_word' id='word_1_52' title='bbox 1437 554 1483 597; x_wconf 92' lang='lat' dir='ltr'>in</span> <span class='ocrx_word' id='word_1_53' title='bbox 1505 553 1671 599; x_wconf 82' lang='lat' dir='ltr'>Terrae</span> <span class='ocrx_word' id='word_1_54' title='bbox 1690 555 1961 611; x_wconf 83' lang='lat' dir='ltr'>planitiebus</span> <span class='ocrx_word' id='word_1_55' title='bbox 1993 559 2072 598; x_wconf 73' lang='lat' dir='ltr'>aer</span> <span class='ocrx_word' id='word_1_56' title='bbox 2103 567 2240 610; x_wconf 89' lang='lat' dir='ltr'>supra</span> <span class='ocrx_word' id='word_1_57' title='bbox 2260 552 2423 609; x_wconf 90' lang='lat' dir='ltr'>capita,</span> <span class='ocrx_word' id='word_1_58' title='bbox 2455 566 2610 608; x_wconf 84' lang='lat' dir='ltr'>qnam.-</span> 
     </span>
     <span class='ocr_line' id='line_1_6' title="bbox 361 618 2610 676; baseline -0.002 -11"><span class='ocrx_word' id='word_1_59' title='bbox 361 623 427 665; x_wconf 89' lang='lat' dir='ltr'>vis</span> <span class='ocrx_word' id='word_1_60' title='bbox 459 633 485 664; x_wconf 91' lang='lat' dir='ltr'>a</span> <span class='ocrx_word' id='word_1_61' title='bbox 517 620 621 664; x_wconf 87' lang='lat' dir='ltr'>Sole</span> <span class='ocrx_word' id='word_1_62' title='bbox 650 619 950 675; x_wconf 85' lang='lat' dir='ltr'>illuminatus,</span> <span class='ocrx_word' id='word_1_63' title='bbox 994 633 1082 663; x_wconf 92' lang='lat' dir='ltr'>non</span> <span class='ocrx_word' id='word_1_64' title='bbox 1114 619 1244 664; x_wconf 84' lang='lat' dir='ltr'>valde</span> <span class='ocrx_word' id='word_1_65' title='bbox 1272 625 1422 663; x_wconf 84' lang='lat' dir='ltr'>movet</span> <span class='ocrx_word' id='word_1_66' title='bbox 1452 621 1620 676; x_wconf 80' lang='lat' dir='ltr'>visum,</span> <span class='ocrx_word' id='word_1_67' title='bbox 1655 627 1700 665; x_wconf 90' lang='lat' dir='ltr'>et</span> <span class='ocrx_word' id='word_1_68' title='bbox 1732 635 1756 666; x_wconf 87' lang='lat' dir='ltr'>e</span> <span class='ocrx_word' id='word_1_69' title='bbox 1786 619 2011 676; x_wconf 87' lang='lat' dir='ltr'>profundo</span> <span class='ocrx_word' id='word_1_70' title='bbox 2042 625 2182 675; x_wconf 90' lang='lat' dir='ltr'>puteo</span> <span class='ocrx_word' id='word_1_71' title='bbox 2213 618 2610 674; x_wconf 80' lang='lat' dir='ltr'>prospectantibus</span> 
     </span>
     <span class='ocr_line' id='line_1_7' title="bbox 363 681 2610 744; baseline -0.003 -12"><span class='ocrx_word' id='word_1_72' title='bbox 363 701 453 732; x_wconf 89' lang='lat' dir='ltr'>non</span> <span class='ocrx_word' id='word_1_73' title='bbox 483 686 596 744; x_wconf 85' lang='lat' dir='ltr'>tegit</span> <span class='ocrx_word' id='word_1_74' title='bbox 628 686 783 731; x_wconf 87' lang='lat' dir='ltr'>stellas</span> <span class='ocrx_word' id='word_1_75' title='bbox 814 686 1032 740; x_wconf 84' lang='lat' dir='ltr'>majores;</span> <span class='ocrx_word' id='word_1_76' title='bbox 1067 690 1114 730; x_wconf 91' lang='lat' dir='ltr'>at</span> <span class='ocrx_word' id='word_1_77' title='bbox 1144 690 1222 729; x_wconf 74' lang='lat' dir='ltr'>aer</span> <span class='ocrx_word' id='word_1_78' title='bbox 1251 684 1476 728; x_wconf 89' lang='lat' dir='ltr'>montibus</span> <span class='ocrx_word' id='word_1_79' title='bbox 1498 685 1670 730; x_wconf 89' lang='lat' dir='ltr'>eminus</span> <span class='ocrx_word' id='word_1_80' title='bbox 1693 685 2002 738; x_wconf 89' lang='lat' dir='ltr'>circumfusus,</span> <span class='ocrx_word' id='word_1_81' title='bbox 2034 685 2140 742; x_wconf 89' lang='lat' dir='ltr'>quia</span> <span class='ocrx_word' id='word_1_82' title='bbox 2161 696 2351 741; x_wconf 88' lang='lat' dir='ltr'>magnae</span> <span class='ocrx_word' id='word_1_83' title='bbox 2381 681 2610 739; x_wconf 85' lang='lat' dir='ltr'>profundi·</span> 
     </span>
     <span class='ocr_line' id='line_1_8' title="bbox 361 749 2610 809; baseline -0.003 -11"><span class='ocrx_word' id='word_1_84' title='bbox 361 753 467 798; x_wconf 87' lang='lat' dir='ltr'>tatis</span> <span class='ocrx_word' id='word_1_85' title='bbox 497 752 738 798; x_wconf 79' lang='lat' dir='ltr'>transitum</span> <span class='ocrx_word' id='word_1_86' title='bbox 766 752 955 808; x_wconf 87' lang='lat' dir='ltr'>praebet</span> <span class='ocrx_word' id='word_1_87' title='bbox 984 751 1111 807; x_wconf 87' lang='lat' dir='ltr'>visui,</span> <span class='ocrx_word' id='word_1_88' title='bbox 1144 751 1347 807; x_wconf 81' lang='lat' dir='ltr'>albescit,</span> <span class='ocrx_word' id='word_1_89' title='bbox 1379 758 1556 796; x_wconf 88' lang='lat' dir='ltr'>montes</span> <span class='ocrx_word' id='word_1_90' title='bbox 1587 752 1707 796; x_wconf 88' lang='lat' dir='ltr'>ultra</span> <span class='ocrx_word' id='word_1_91' title='bbox 1727 753 1900 809; x_wconf 89' lang='lat' dir='ltr'>positos</span> <span class='ocrx_word' id='word_1_92' title='bbox 1922 751 2132 797; x_wconf 89' lang='lat' dir='ltr'>caeruleo</span> <span class='ocrx_word' id='word_1_93' title='bbox 2165 751 2315 795; x_wconf 85' lang='lat' dir='ltr'>colore</span> <span class='ocrx_word' id='word_1_94' title='bbox 2345 750 2490 806; x_wconf 88' lang='lat' dir='ltr'>tingit,</span> <span class='ocrx_word' id='word_1_95' title='bbox 2522 749 2610 793; x_wconf 93' lang='lat' dir='ltr'>imo</span> 
     </span>
     <span class='ocr_line' id='line_1_9' title="bbox 361 815 2612 876; baseline -0.001 -13"><span class='ocrx_word' id='word_1_96' title='bbox 361 818 539 875; x_wconf 88' lang='lat' dir='ltr'>penitus</span> <span class='ocrx_word' id='word_1_97' title='bbox 571 817 777 873; x_wconf 85' lang='lat' dir='ltr'>offuscat,</span> <span class='ocrx_word' id='word_1_98' title='bbox 810 817 1036 872; x_wconf 90' lang='lat' dir='ltr'>etiamque</span> <span class='ocrx_word' id='word_1_99' title='bbox 1054 815 1252 876; x_wconf 66' lang='lat' dir='ltr'>⁴absente</span> <span class='ocrx_word' id='word_1_100' title='bbox 1276 816 1379 861; x_wconf 89' lang='lat' dir='ltr'>Sole</span> <span class='ocrx_word' id='word_1_101' title='bbox 1401 816 1557 861; x_wconf 89' lang='lat' dir='ltr'>stellas</span> <span class='ocrx_word' id='word_1_102' title='bbox 1579 818 1851 863; x_wconf 87' lang='lat' dir='ltr'>clarissimas</span> <span class='ocrx_word' id='word_1_103' title='bbox 1872 818 2069 864; x_wconf 87' lang='lat' dir='ltr'>orientes</span> <span class='ocrx_word' id='word_1_104' title='bbox 2094 816 2342 863; x_wconf 86' lang='lat' dir='ltr'>obnubilat.</span> <span class='ocrx_word' id='word_1_105' title='bbox 2374 816 2448 862; x_wconf 87' lang='lat' dir='ltr'>Sic</span> <span class='ocrx_word' id='word_1_106' title='bbox 2468 815 2612 862; x_wconf 82' lang='lat' dir='ltr'>nubes</span> 
     </span>
     <span class='ocr_line' id='line_1_10' title="bbox 360 881 2612 941; baseline -0.001 -14"><span class='ocrx_word' id='word_1_107' title='bbox 360 884 626 941; x_wconf 87' lang='lat' dir='ltr'>plerumque</span> <span class='ocrx_word' id='word_1_108' title='bbox 658 898 795 940; x_wconf 89' lang='lat' dir='ltr'>supra</span> <span class='ocrx_word' id='word_1_109' title='bbox 825 884 1014 928; x_wconf 89' lang='lat' dir='ltr'>vertices</span> <span class='ocrx_word' id='word_1_110' title='bbox 1045 890 1125 928; x_wconf 92' lang='lat' dir='ltr'>aut</span> <span class='ocrx_word' id='word_1_111' title='bbox 1155 883 1307 928; x_wconf 85' lang='lat' dir='ltr'>nullae</span> <span class='ocrx_word' id='word_1_112' title='bbox 1338 889 1416 928; x_wconf 89' lang='lat' dir='ltr'>aut</span> <span class='ocrx_word' id='word_1_113' title='bbox 1447 896 1633 940; x_wconf 83' lang='lat' dir='ltr'>sparsae</span> <span class='ocrx_word' id='word_1_114' title='bbox 1664 890 1710 929; x_wconf 93' lang='lat' dir='ltr'>et</span> <span class='ocrx_word' id='word_1_115' title='bbox 1739 891 2102 941; x_wconf 85' lang='lat' dir='ltr'>transparentes‚</span> <span class='ocrx_word' id='word_1_116' title='bbox 2146 896 2303 928; x_wconf 81' lang='lat' dir='ltr'>versus</span> <span class='ocrx_word' id='word_1_117' title='bbox 2333 881 2612 926; x_wconf 83' lang='lat' dir='ltr'>horizontem</span> 
     </span>
     <span class='ocr_line' id='line_1_11' title="bbox 363 948 1892 1006; baseline -0.001 -12"><span class='ocrx_word' id='word_1_118' title='bbox 363 962 552 1006; x_wconf 86' lang='lat' dir='ltr'>semper,</span> <span class='ocrx_word' id='word_1_119' title='bbox 587 950 665 994; x_wconf 89' lang='lat' dir='ltr'>ubi</span> <span class='ocrx_word' id='word_1_120' title='bbox 695 949 764 993; x_wconf 90' lang='lat' dir='ltr'>vel</span> <span class='ocrx_word' id='word_1_121' title='bbox 795 949 1026 992; x_wconf 91' lang='lat' dir='ltr'>minimum</span> <span class='ocrx_word' id='word_1_122' title='bbox 1057 948 1165 1004; x_wconf 90' lang='lat' dir='ltr'>quid</span> <span class='ocrx_word' id='word_1_123' title='bbox 1195 955 1266 994; x_wconf 89' lang='lat' dir='ltr'>est</span> <span class='ocrx_word' id='word_1_124' title='bbox 1295 951 1341 994; x_wconf 93' lang='lat' dir='ltr'>in</span> <span class='ocrx_word' id='word_1_125' title='bbox 1373 949 1555 1006; x_wconf 86' lang='lat' dir='ltr'>vertice,</span> <span class='ocrx_word' id='word_1_126' title='bbox 1587 949 1892 994; x_wconf 86' lang='lat' dir='ltr'>densissimae.</span> 
     </span>
    </p>

    <p class='ocr_par' dir='ltr' id='par_1_3' title="bbox 360 1013 2613 1335">
     <span class='ocr_line' id='line_1_12' title="bbox 534 1013 2612 1071; baseline -0.001 -11"><span class='ocrx_word' id='word_1_127' title='bbox 534 1016 657 1061; x_wconf 88' lang='lat' dir='ltr'>Haec</span> <span class='ocrx_word' id='word_1_128' title='bbox 697 1022 804 1060; x_wconf 88' lang='lat' dir='ltr'>sunt</span> <span class='ocrx_word' id='word_1_129' title='bbox 840 1015 1109 1060; x_wconf 85' lang='lat' dir='ltr'>documenta</span> <span class='ocrx_word' id='word_1_130' title='bbox 1140 1016 1369 1060; x_wconf 87' lang='lat' dir='ltr'>Maestlini</span> <span class='ocrx_word' id='word_1_131' title='bbox 1409 1015 1464 1059; x_wconf 90' lang='lat' dir='ltr'>de</span> <span class='ocrx_word' id='word_1_132' title='bbox 1503 1020 1607 1059; x_wconf 74' lang='lat' dir='ltr'>aere</span> <span class='ocrx_word' id='word_1_133' title='bbox 1637 1015 1829 1071; x_wconf 89' lang='lat' dir='ltr'>Lunari,</span> <span class='ocrx_word' id='word_1_134' title='bbox 1872 1015 1982 1060; x_wconf 73' lang='lat' dir='ltr'>haec</span> <span class='ocrx_word' id='word_1_135' title='bbox 2021 1029 2173 1060; x_wconf 91' lang='lat' dir='ltr'>eorum</span> <span class='ocrx_word' id='word_1_136' title='bbox 2215 1016 2296 1059; x_wconf 76' lang='lat' dir='ltr'>vis.</span> <span class='ocrx_word' id='word_1_137' title='bbox 2358 1014 2470 1058; x_wconf 89' lang='lat' dir='ltr'>Post</span> <span class='ocrx_word' id='word_1_138' title='bbox 2498 1013 2612 1058; x_wconf 89' lang='lat' dir='ltr'>haec</span> 
     </span>
     <span class='ocr_line' id='line_1_13' title="bbox 361 1079 2613 1138; baseline -0.001 -13"><span class='ocrx_word' id='word_1_139' title='bbox 361 1082 498 1138; x_wconf 89' lang='lat' dir='ltr'>igitur</span> <span class='ocrx_word' id='word_1_140' title='bbox 537 1081 672 1126; x_wconf 82' lang='lat' dir='ltr'>infert</span> <span class='ocrx_word' id='word_1_141' title='bbox 701 1081 852 1127; x_wconf 85' lang='lat' dir='ltr'>thesin</span> <span class='ocrx_word' id='word_1_142' title='bbox 890 1082 970 1127; x_wconf 86' lang='lat'>152</span> <span class='ocrx_word' id='word_1_143' title='bbox 1009 1093 1197 1136; x_wconf 85' lang='lat' dir='ltr'>eamque</span> <span class='ocrx_word' id='word_1_144' title='bbox 1237 1081 1528 1138; x_wconf 89' lang='lat' dir='ltr'>penultimam</span> <span class='ocrx_word' id='word_1_145' title='bbox 1566 1080 1730 1136; x_wconf 90' lang='lat' dir='ltr'>libelli,</span> <span class='ocrx_word' id='word_1_146' title='bbox 1770 1081 1816 1124; x_wconf 90' lang='lat' dir='ltr'>in</span> <span class='ocrx_word' id='word_1_147' title='bbox 1847 1094 1937 1137; x_wconf 88' lang='lat' dir='ltr'>qua</span> <span class='ocrx_word' id='word_1_148' title='bbox 1975 1085 2124 1126; x_wconf 70' lang='lat' dir='ltr'>aerem</span> <span class='ocrx_word' id='word_1_149' title='bbox 2154 1081 2357 1124; x_wconf 90' lang='lat' dir='ltr'>lunarem</span> <span class='ocrx_word' id='word_1_150' title='bbox 2387 1079 2464 1123; x_wconf 90' lang='lat' dir='ltr'>ille</span> <span class='ocrx_word' id='word_1_151' title='bbox 2496 1092 2613 1123; x_wconf 90' lang='lat' dir='ltr'>com-</span> 
     </span>
     <span class='ocr_line' id='line_1_14' title="bbox 362 1145 2612 1205; baseline -0.001 -13"><span class='ocrx_word' id='word_1_152' title='bbox 362 1153 496 1205; x_wconf 88' lang='lat' dir='ltr'>parat</span> <span class='ocrx_word' id='word_1_153' title='bbox 525 1147 618 1192; x_wconf 74' lang='lat' dir='ltr'>aeri</span> <span class='ocrx_word' id='word_1_154' title='bbox 650 1155 807 1192; x_wconf 88' lang='lat' dir='ltr'>nostro</span> <span class='ocrx_word' id='word_1_155' title='bbox 839 1147 990 1191; x_wconf 87' lang='lat' dir='ltr'>Terris</span> <span class='ocrx_word' id='word_1_156' title='bbox 1021 1146 1305 1205; x_wconf 84' lang='lat' dir='ltr'>circumfuso,</span> <span class='ocrx_word' id='word_1_157' title='bbox 1338 1152 1571 1204; x_wconf 85' lang='lat' dir='ltr'>comparat</span> <span class='ocrx_word' id='word_1_158' title='bbox 1591 1146 1842 1191; x_wconf 83' lang='lat' dir='ltr'>claritatem</span> <span class='ocrx_word' id='word_1_159' title='bbox 1871 1146 1992 1190; x_wconf 88' lang='lat' dir='ltr'>illam</span> <span class='ocrx_word' id='word_1_160' title='bbox 2024 1146 2163 1202; x_wconf 89' lang='lat' dir='ltr'>limbi,</span> <span class='ocrx_word' id='word_1_161' title='bbox 2196 1158 2311 1203; x_wconf 82' lang='lat' dir='ltr'>quae</span> <span class='ocrx_word' id='word_1_162' title='bbox 2342 1145 2612 1190; x_wconf 87' lang='lat' dir='ltr'>mirabilium</span> 
     </span>
     <span class='ocr_line' id='line_1_15' title="bbox 360 1211 2613 1269; baseline -0 -14"><span class='ocrx_word' id='word_1_163' title='bbox 360 1212 692 1269; x_wconf 84' lang='lat' dir='ltr'>apparitionum</span> <span class='ocrx_word' id='word_1_164' title='bbox 726 1225 862 1257; x_wconf 88' lang='lat' dir='ltr'>causa</span> <span class='ocrx_word' id='word_1_165' title='bbox 893 1212 1047 1256; x_wconf 86' lang='lat' dir='ltr'>existit</span> <span class='ocrx_word' id='word_1_166' title='bbox 1077 1226 1264 1258; x_wconf 86' lang='lat' dir='ltr'>aurorae</span> <span class='ocrx_word' id='word_1_167' title='bbox 1295 1220 1498 1269; x_wconf 82' lang='lat' dir='ltr'>nostrae3</span> <span class='ocrx_word' id='word_1_168' title='bbox 1533 1211 1788 1268; x_wconf 85' lang='lat' dir='ltr'>attollitque</span> <span class='ocrx_word' id='word_1_169' title='bbox 1811 1211 1965 1257; x_wconf 88' lang='lat' dir='ltr'>oculos</span> <span class='ocrx_word' id='word_1_170' title='bbox 1986 1219 2167 1256; x_wconf 91' lang='lat' dir='ltr'>nostros</span> <span class='ocrx_word' id='word_1_171' title='bbox 2198 1212 2245 1255; x_wconf 91' lang='lat' dir='ltr'>in</span> <span class='ocrx_word' id='word_1_172' title='bbox 2275 1211 2429 1264; x_wconf 90' lang='lat' dir='ltr'>altum,</span> <span class='ocrx_word' id='word_1_173' title='bbox 2459 1217 2511 1255; x_wconf 89' lang='lat' dir='ltr'>ut</span> <span class='ocrx_word' id='word_1_174' title='bbox 2530 1223 2613 1267; x_wconf 86' lang='lat' dir='ltr'>ego</span> 
     </span>
     <span class='ocr_line' id='line_1_16' title="bbox 361 1276 2415 1335; baseline 0 -13"><span class='ocrx_word' id='word_1_175' title='bbox 361 1279 407 1322; x_wconf 93' lang='lat' dir='ltr'>in</span> <span class='ocrx_word' id='word_1_176' title='bbox 437 1279 625 1331; x_wconf 91' lang='lat' dir='ltr'>Lunam,</span> <span class='ocrx_word' id='word_1_177' title='bbox 657 1278 761 1323; x_wconf 90' lang='lat' dir='ltr'>inde</span> <span class='ocrx_word' id='word_1_178' title='bbox 791 1278 1022 1334; x_wconf 88' lang='lat' dir='ltr'>agnituros</span> <span class='ocrx_word' id='word_1_179' title='bbox 1053 1279 1097 1323; x_wconf 92' lang='lat' dir='ltr'>in</span> <span class='ocrx_word' id='word_1_180' title='bbox 1130 1281 1215 1324; x_wconf 88' lang='lat' dir='ltr'>hac</span> <span class='ocrx_word' id='word_1_181' title='bbox 1246 1278 1430 1323; x_wconf 85' lang='lat' dir='ltr'>Tellure</span> <span class='ocrx_word' id='word_1_182' title='bbox 1460 1284 1618 1322; x_wconf 89' lang='lat' dir='ltr'>nostra</span> <span class='ocrx_word' id='word_1_183' title='bbox 1646 1278 1950 1335; x_wconf 86' lang='lat' dir='ltr'>apparitiones</span> <span class='ocrx_word' id='word_1_184' title='bbox 1981 1276 2115 1333; x_wconf 89' lang='lat' dir='ltr'>plane</span> <span class='ocrx_word' id='word_1_185' title='bbox 2147 1277 2415 1322; x_wconf 85' lang='lat' dir='ltr'>consimiles.</span> 
     </span>
    </p>

    <p class='ocr_par' dir='ltr' id='par_1_4' title="bbox 357 1344 2614 2192">
     <span class='ocr_line' id='line_1_17' title="bbox 533 1344 2611 1401; baseline 0 -13"><span class='ocrx_word' id='word_1_186' title='bbox 533 1346 740 1400; x_wconf 87' lang='lat' dir='ltr'>Denique</span> <span class='ocrx_word' id='word_1_187' title='bbox 770 1351 924 1390; x_wconf 89' lang='lat' dir='ltr'>notam</span> <span class='ocrx_word' id='word_1_188' title='bbox 955 1345 1149 1401; x_wconf 86' lang='lat' dir='ltr'>subjicit,</span> <span class='ocrx_word' id='word_1_189' title='bbox 1179 1346 1270 1400; x_wconf 83' lang='lat' dir='ltr'>An,</span> <span class='ocrx_word' id='word_1_190' title='bbox 1302 1344 1525 1400; x_wconf 87' lang='lat' dir='ltr'>inquiens,</span> <span class='ocrx_word' id='word_1_191' title='bbox 1558 1348 1640 1388; x_wconf 68' lang='lat' dir='ltr'>aer</span> <span class='ocrx_word' id='word_1_192' title='bbox 1660 1345 1750 1399; x_wconf 89' lang='lat' dir='ltr'>ille,</span> <span class='ocrx_word' id='word_1_193' title='bbox 1779 1344 1988 1389; x_wconf 81' lang='lat' dir='ltr'>similiter</span> <span class='ocrx_word' id='word_1_194' title='bbox 2007 1349 2058 1388; x_wconf 88' lang='lat' dir='ltr'>ut</span> <span class='ocrx_word' id='word_1_195' title='bbox 2080 1348 2235 1389; x_wconf 88' lang='lat' dir='ltr'>noster</span> <span class='ocrx_word' id='word_1_196' title='bbox 2264 1344 2315 1388; x_wconf 88' lang='lat' dir='ltr'>in</span> <span class='ocrx_word' id='word_1_197' title='bbox 2344 1344 2487 1389; x_wconf 86' lang='lat' dir='ltr'>nubes</span> <span class='ocrx_word' id='word_1_198' title='bbox 2508 1356 2611 1388; x_wconf 86' lang='lat' dir='ltr'>con·</span> 
     </span>
     <span class='ocr_line' id='line_1_18' title="bbox 359 1411 2612 1471; baseline -0.001 -13"><span class='ocrx_word' id='word_1_199' title='bbox 359 1418 543 1468; x_wconf 87' lang='lat' dir='ltr'>creseat,</span> <span class='ocrx_word' id='word_1_200' title='bbox 576 1425 692 1469; x_wconf 78' lang='lat' dir='ltr'>quae</span> <span class='ocrx_word' id='word_1_201' title='bbox 725 1412 950 1468; x_wconf 76' lang='lat' dir='ltr'>opacitate</span> <span class='ocrx_word' id='word_1_202' title='bbox 980 1416 1170 1471; x_wconf 86' lang='lat' dir='ltr'>speciem</span> <span class='ocrx_word' id='word_1_203' title='bbox 1199 1413 1399 1458; x_wconf 78' lang='lat' dir='ltr'>induant</span> <span class='ocrx_word' id='word_1_204' title='bbox 1429 1412 1808 1470; x_wconf 68' lang='lat' dir='ltr'>solidissimorum</span> <span class='ocrx_word' id='word_1_205' title='bbox 1837 1426 2091 1469; x_wconf 85' lang='lat' dir='ltr'>corporum,</span> <span class='ocrx_word' id='word_1_206' title='bbox 2125 1425 2263 1469; x_wconf 78' lang='lat' dir='ltr'>eoque</span> <span class='ocrx_word' id='word_1_207' title='bbox 2291 1417 2343 1458; x_wconf 86' lang='lat' dir='ltr'>ut</span> <span class='ocrx_word' id='word_1_208' title='bbox 2373 1411 2500 1469; x_wconf 85' lang='lat' dir='ltr'>apud</span> <span class='ocrx_word' id='word_1_209' title='bbox 2528 1425 2612 1456; x_wconf 83' lang='lat' dir='ltr'>nos</span> 
     </span>
     <span class='ocr_line' id='line_1_19' title="bbox 360 1475 2610 1536; baseline -0 -13"><span class='ocrx_word' id='word_1_210' title='bbox 360 1475 463 1523; x_wconf 84' lang='lat' dir='ltr'>Sole</span> <span class='ocrx_word' id='word_1_211' title='bbox 495 1478 666 1523; x_wconf 87' lang='lat' dir='ltr'>oriente</span> <span class='ocrx_word' id='word_1_212' title='bbox 685 1479 753 1523; x_wconf 78' lang='lat' dir='ltr'>vel</span> <span class='ocrx_word' id='word_1_213' title='bbox 783 1479 1022 1536; x_wconf 85' lang='lat' dir='ltr'>occidente,</span> <span class='ocrx_word' id='word_1_214' title='bbox 1054 1481 1298 1525; x_wconf 89' lang='lat' dir='ltr'>candentes</span> <span class='ocrx_word' id='word_1_215' title='bbox 1316 1484 1399 1524; x_wconf 87' lang='lat' dir='ltr'>aut</span> <span class='ocrx_word' id='word_1_216' title='bbox 1419 1479 1577 1536; x_wconf 74' lang='lat' dir='ltr'>iyneae</span> <span class='ocrx_word' id='word_1_217' title='bbox 1601 1483 1880 1534; x_wconf 78' lang='lat' dir='ltr'>appareant:</span> <span class='ocrx_word' id='word_1_218' title='bbox 1907 1479 1957 1522; x_wconf 86' lang='lat' dir='ltr'>in</span> <span class='ocrx_word' id='word_1_219' title='bbox 1977 1478 2124 1522; x_wconf 86' lang='lat' dir='ltr'>medio</span> <span class='ocrx_word' id='word_1_220' title='bbox 2153 1478 2463 1534; x_wconf 77' lang='lat' dir='ltr'>relinquimus.</span> <span class='ocrx_word' id='word_1_221' title='bbox 2505 1476 2610 1522; x_wconf 89' lang='lat' dir='ltr'>Hoc</span> 
     </span>
     <span class='ocr_line' id='line_1_20' title="bbox 359 1543 2610 1602; baseline -0 -15"><span class='ocrx_word' id='word_1_222' title='bbox 359 1549 476 1588; x_wconf 86' lang='lat' dir='ltr'>certe</span> <span class='ocrx_word' id='word_1_223' title='bbox 502 1556 588 1588; x_wconf 89' lang='lat' dir='ltr'>nos</span> <span class='ocrx_word' id='word_1_224' title='bbox 617 1543 772 1588; x_wconf 88' lang='lat' dir='ltr'>docuit</span> <span class='ocrx_word' id='word_1_225' title='bbox 802 1545 1096 1601; x_wconf 75' lang='lat' dir='ltr'>experientia,</span> <span class='ocrx_word' id='word_1_226' title='bbox 1128 1546 1250 1602; x_wconf 76' lang='lat' dir='ltr'>quod</span> <span class='ocrx_word' id='word_1_227' title='bbox 1278 1544 1568 1600; x_wconf 80' lang='lat' dir='ltr'>circumfluus</span> <span class='ocrx_word' id='word_1_228' title='bbox 1596 1543 1671 1587; x_wconf 87' lang='lat' dir='ltr'>ille</span> <span class='ocrx_word' id='word_1_229' title='bbox 1699 1543 1914 1599; x_wconf 78' lang='lat' dir='ltr'>splendor</span> <span class='ocrx_word' id='word_1_230' title='bbox 1944 1543 2134 1588; x_wconf 83' lang='lat' dir='ltr'>diversis</span> <span class='ocrx_word' id='word_1_231' title='bbox 2163 1545 2441 1600; x_wconf 78' lang='lat' dir='ltr'>temporibus</span> <span class='ocrx_word' id='word_1_232' title='bbox 2469 1555 2610 1600; x_wconf 87' lang='lat' dir='ltr'>appa-</span> 
     </span>
     <span class='ocr_line' id='line_1_21' title="bbox 358 1608 2610 1665; baseline 0 -14"><span class='ocrx_word' id='word_1_233' title='bbox 358 1613 462 1652; x_wconf 88' lang='lat' dir='ltr'>reat</span> <span class='ocrx_word' id='word_1_234' title='bbox 493 1609 728 1665; x_wconf 84' lang='lat' dir='ltr'>limpidior</span> <span class='ocrx_word' id='word_1_235' title='bbox 740 1610 852 1665; x_wconf 87' lang='lat' dir='ltr'>plus</span> <span class='ocrx_word' id='word_1_236' title='bbox 870 1611 1086 1655; x_wconf 80' lang='lat' dir='ltr'>minusve.</span> <span class='ocrx_word' id='word_1_237' title='bbox 1130 1611 1193 1655; x_wconf 88' lang='lat' dir='ltr'>Et</span> <span class='ocrx_word' id='word_1_238' title='bbox 1213 1609 1338 1652; x_wconf 82' lang='lat' dir='ltr'>addit</span> <span class='ocrx_word' id='word_1_239' title='bbox 1361 1609 1677 1653; x_wconf 84' lang='lat' dir='ltr'>documentum</span> <span class='ocrx_word' id='word_1_240' title='bbox 1700 1620 1826 1651; x_wconf 88' lang='lat' dir='ltr'>meae</span> <span class='ocrx_word' id='word_1_241' title='bbox 1849 1614 2004 1663; x_wconf 86' lang='lat' dir='ltr'>aptum</span> <span class='ocrx_word' id='word_1_242' title='bbox 2026 1608 2289 1664; x_wconf 83' lang='lat' dir='ltr'>hypothesi:</span> <span class='ocrx_word' id='word_1_243' title='bbox 2322 1609 2461 1654; x_wconf 86' lang='lat' dir='ltr'>Anno</span> <span class='ocrx_word' id='word_1_244' title='bbox 2484 1609 2610 1654; x_wconf 82' lang='lat'>1605.</span> 
     </span>
     <span class='ocr_line' id='line_1_22' title="bbox 357 1673 2613 1731; baseline 0 -13"><span class='ocrx_word' id='word_1_245' title='bbox 357 1687 546 1731; x_wconf 82' lang='lat' dir='ltr'>vespera</span> <span class='ocrx_word' id='word_1_246' title='bbox 567 1675 836 1719; x_wconf 67' lang='lat' dir='ltr'>Palmasrum</span> <span class='ocrx_word' id='word_1_247' title='bbox 864 1675 916 1719; x_wconf 86' lang='lat' dir='ltr'>in</span> <span class='ocrx_word' id='word_1_248' title='bbox 934 1675 1098 1720; x_wconf 83' lang='lat' dir='ltr'>Lunae</span> <span class='ocrx_word' id='word_1_249' title='bbox 1118 1674 1366 1731; x_wconf 73' lang='lat' dir='ltr'>deficientis</span> <span class='ocrx_word' id='word_1_250' title='bbox 1386 1686 1588 1731; x_wconf 83' lang='lat' dir='ltr'>corpore,</span> <span class='ocrx_word' id='word_1_251' title='bbox 1610 1673 1847 1718; x_wconf 85' lang='lat' dir='ltr'>candentis</span> <span class='ocrx_word' id='word_1_252' title='bbox 1874 1675 1989 1730; x_wconf 79' lang='lat' dir='ltr'>ferri</span> <span class='ocrx_word' id='word_1_253' title='bbox 2009 1674 2202 1719; x_wconf 84' lang='lat' dir='ltr'>colorem</span> <span class='ocrx_word' id='word_1_254' title='bbox 2231 1679 2613 1731; x_wconf 82' lang='lat' dir='ltr'>repraesentante,</span> 
     </span>
     <span class='ocr_line' id='line_1_23' title="bbox 358 1738 2614 1798; baseline 0 -15"><span class='ocrx_word' id='word_1_255' title='bbox 358 1754 514 1785; x_wconf 82' lang='lat' dir='ltr'>versus</span> <span class='ocrx_word' id='word_1_256' title='bbox 545 1741 728 1785; x_wconf 88' lang='lat' dir='ltr'>boream</span> <span class='ocrx_word' id='word_1_257' title='bbox 758 1741 994 1798; x_wconf 74' lang='lat' dir='ltr'>niyricans</span> <span class='ocrx_word' id='word_1_258' title='bbox 1024 1741 1249 1798; x_wconf 75' lang='lat' dir='ltr'>quaedam</span> <span class='ocrx_word' id='word_1_259' title='bbox 1275 1740 1458 1784; x_wconf 90' lang='lat' dir='ltr'>macula</span> <span class='ocrx_word' id='word_1_260' title='bbox 1489 1743 1531 1784; x_wconf 89' lang='lat' dir='ltr'>et</span> <span class='ocrx_word' id='word_1_261' title='bbox 1553 1738 1788 1784; x_wconf 76' lang='lat' dir='ltr'>obscurior</span> <span class='ocrx_word' id='word_1_262' title='bbox 1816 1741 1989 1797; x_wconf 77' lang='lat' dir='ltr'>reliquo</span> <span class='ocrx_word' id='word_1_263' title='bbox 2021 1753 2208 1797; x_wconf 74' lang='lat' dir='ltr'>corpore</span> <span class='ocrx_word' id='word_1_264' title='bbox 2228 1746 2468 1797; x_wconf 84' lang='lat' dir='ltr'>conspecta</span> <span class='ocrx_word' id='word_1_265' title='bbox 2495 1740 2614 1795; x_wconf 75' lang='lat' dir='ltr'>fuit5</span> 
     </span>
     <span class='ocr_line' id='line_1_24' title="bbox 357 1805 2612 1864; baseline 0 -14"><span class='ocrx_word' id='word_1_266' title='bbox 357 1805 550 1850; x_wconf 77' lang='lat' dir='ltr'>dixisses</span> <span class='ocrx_word' id='word_1_267' title='bbox 579 1805 740 1850; x_wconf 86' lang='lat' dir='ltr'>nubila</span> <span class='ocrx_word' id='word_1_268' title='bbox 770 1806 820 1850; x_wconf 87' lang='lat' dir='ltr'>in</span> <span class='ocrx_word' id='word_1_269' title='bbox 849 1807 1039 1852; x_wconf 86' lang='lat' dir='ltr'>multam</span> <span class='ocrx_word' id='word_1_270' title='bbox 1068 1807 1295 1864; x_wconf 73' lang='lat' dir='ltr'>reqionem</span> <span class='ocrx_word' id='word_1_271' title='bbox 1326 1811 1524 1861; x_wconf 75' lang='lat' dir='ltr'>extensa,</span> <span class='ocrx_word' id='word_1_272' title='bbox 1548 1805 1722 1862; x_wconf 85' lang='lat' dir='ltr'>pluviis</span> <span class='ocrx_word' id='word_1_273' title='bbox 1752 1812 1795 1852; x_wconf 90' lang='lat' dir='ltr'>et</span> <span class='ocrx_word' id='word_1_274' title='bbox 1825 1808 2139 1864; x_wconf 85' lang='lat' dir='ltr'>tempestuosis</span> <span class='ocrx_word' id='word_1_275' title='bbox 2167 1808 2386 1853; x_wconf 79' lang='lat' dir='ltr'>imbribus</span> <span class='ocrx_word' id='word_1_276' title='bbox 2402 1806 2612 1864; x_wconf 64' lang='lat' dir='ltr'>mavinia,</span> 
     </span>
     <span class='ocr_line' id='line_1_25' title="bbox 357 1869 2614 1930; baseline 0.001 -16"><span class='ocrx_word' id='word_1_277' title='bbox 357 1869 612 1926; x_wconf 70' lang='lat' dir='ltr'>cujusmodi</span> <span class='ocrx_word' id='word_1_278' title='bbox 626 1872 700 1916; x_wconf 59' lang='lat' dir='ltr'>sab</span> <span class='ocrx_word' id='word_1_279' title='bbox 731 1871 1005 1916; x_wconf 79' lang='lat' dir='ltr'>excelsorum</span> <span class='ocrx_word' id='word_1_280' title='bbox 1034 1872 1256 1916; x_wconf 82' lang='lat' dir='ltr'>montium</span> <span class='ocrx_word' id='word_1_281' title='bbox 1285 1871 1415 1929; x_wconf 77' lang='lat' dir='ltr'>juyis</span> <span class='ocrx_word' id='word_1_282' title='bbox 1451 1873 1502 1916; x_wconf 81' lang='lat' dir='ltr'>in</span> <span class='ocrx_word' id='word_1_283' title='bbox 1538 1870 1786 1918; x_wconf 84' lang='lat' dir='ltr'>humiliora</span> <span class='ocrx_word' id='word_1_284' title='bbox 1826 1875 2100 1918; x_wconf 84' lang='lat' dir='ltr'>convallium</span> <span class='ocrx_word' id='word_1_285' title='bbox 2137 1875 2236 1919; x_wconf 85' lang='lat' dir='ltr'>loca</span> <span class='ocrx_word' id='word_1_286' title='bbox 2265 1873 2614 1930; x_wconf 73' lang='lat' dir='ltr'>despicientibus</span> 
     </span>
     <span class='ocr_line' id='line_1_26' title="bbox 358 1934 2613 1995; baseline 0 -15"><span class='ocrx_word' id='word_1_287' title='bbox 358 1949 455 1980; x_wconf 81' lang='lat' dir='ltr'>non</span> <span class='ocrx_word' id='word_1_288' title='bbox 484 1949 593 1980; x_wconf 85' lang='lat' dir='ltr'>raro</span> <span class='ocrx_word' id='word_1_289' title='bbox 623 1936 777 1980; x_wconf 79' lang='lat' dir='ltr'>videre</span> <span class='ocrx_word' id='word_1_290' title='bbox 805 1937 1042 1995; x_wconf 74' lang='lat' dir='ltr'>continyit.</span> <span class='ocrx_word' id='word_1_291' title='bbox 1102 1939 1218 1982; x_wconf 90' lang='lat' dir='ltr'>Veni</span> <span class='ocrx_word' id='word_1_292' title='bbox 1248 1937 1478 1993; x_wconf 85' lang='lat' dir='ltr'>aliquanto</span> <span class='ocrx_word' id='word_1_293' title='bbox 1509 1945 1615 1994; x_wconf 89' lang='lat' dir='ltr'>post</span> <span class='ocrx_word' id='word_1_294' title='bbox 1647 1952 1746 1983; x_wconf 90' lang='lat' dir='ltr'>cum</span> <span class='ocrx_word' id='word_1_295' title='bbox 1778 1950 1831 1982; x_wconf 92' lang='lat' dir='ltr'>eo</span> <span class='ocrx_word' id='word_1_296' title='bbox 1862 1938 1908 1982; x_wconf 88' lang='lat' dir='ltr'>in</span> <span class='ocrx_word' id='word_1_297' title='bbox 1940 1937 2228 1995; x_wconf 88' lang='lat' dir='ltr'>colloquium,</span> <span class='ocrx_word' id='word_1_298' title='bbox 2262 1952 2363 1982; x_wconf 91' lang='lat' dir='ltr'>cum</span> <span class='ocrx_word' id='word_1_299' title='bbox 2392 1934 2472 1982; x_wconf 82' lang='lat' dir='ltr'>ille</span> <span class='ocrx_word' id='word_1_300' title='bbox 2502 1937 2613 1982; x_wconf 90' lang='lat' dir='ltr'>mihi</span> 
     </span>
     <span class='ocr_line' id='line_1_27' title="bbox 358 2000 2613 2060; baseline 0 -15"><span class='ocrx_word' id='word_1_301' title='bbox 358 2000 612 2057; x_wconf 86' lang='lat' dir='ltr'>affirmavit,</span> <span class='ocrx_word' id='word_1_302' title='bbox 645 2002 865 2047; x_wconf 89' lang='lat' dir='ltr'>maculam</span> <span class='ocrx_word' id='word_1_303' title='bbox 897 2001 1019 2047; x_wconf 90' lang='lat' dir='ltr'>illam</span> <span class='ocrx_word' id='word_1_304' title='bbox 1051 2017 1142 2047; x_wconf 92' lang='lat' dir='ltr'>non</span> <span class='ocrx_word' id='word_1_305' title='bbox 1171 2005 1369 2059; x_wconf 85' lang='lat' dir='ltr'>vulgaris</span> <span class='ocrx_word' id='word_1_306' title='bbox 1401 2005 1541 2049; x_wconf 75' lang='lat' dir='ltr'>fuisse</span> <span class='ocrx_word' id='word_1_307' title='bbox 1573 2004 1852 2060; x_wconf 85' lang='lat' dir='ltr'>quantitatis,</span> <span class='ocrx_word' id='word_1_308' title='bbox 1886 2002 1965 2048; x_wconf 87' lang='lat' dir='ltr'>sed</span> <span class='ocrx_word' id='word_1_309' title='bbox 1998 2003 2224 2048; x_wconf 88' lang='lat' dir='ltr'>dimidiam</span> <span class='ocrx_word' id='word_1_310' title='bbox 2246 2009 2613 2060; x_wconf 86' lang='lat' dir='ltr'>praeterpropter</span> 
     </span>
     <span class='ocr_line' id='line_1_28' title="bbox 357 2065 2611 2127; baseline 0.001 -18"><span class='ocrx_word' id='word_1_311' title='bbox 357 2065 563 2111; x_wconf 87' lang='lat' dir='ltr'>diametri</span> <span class='ocrx_word' id='word_1_312' title='bbox 594 2072 767 2122; x_wconf 86' lang='lat' dir='ltr'>partem</span> <span class='ocrx_word' id='word_1_313' title='bbox 799 2081 1061 2125; x_wconf 89' lang='lat' dir='ltr'>occupasse.</span> <span class='ocrx_word' id='word_1_314' title='bbox 1113 2070 1265 2124; x_wconf 90' lang='lat' dir='ltr'>Atque</span> <span class='ocrx_word' id='word_1_315' title='bbox 1296 2069 1383 2114; x_wconf 90' lang='lat' dir='ltr'>hoc</span> <span class='ocrx_word' id='word_1_316' title='bbox 1414 2069 1560 2127; x_wconf 88' lang='lat' dir='ltr'>ipsum</span> <span class='ocrx_word' id='word_1_317' title='bbox 1593 2076 1675 2126; x_wconf 90' lang='lat' dir='ltr'>est,</span> <span class='ocrx_word' id='word_1_318' title='bbox 1707 2069 1837 2125; x_wconf 85' lang='lat' dir='ltr'>cujus</span> <span class='ocrx_word' id='word_1_319' title='bbox 1871 2068 2125 2114; x_wconf 89' lang='lat' dir='ltr'>recordatio</span> <span class='ocrx_word' id='word_1_320' title='bbox 2156 2076 2332 2125; x_wconf 88' lang='lat' dir='ltr'>partem</span> <span class='ocrx_word' id='word_1_321' title='bbox 2364 2068 2481 2114; x_wconf 85' lang='lat' dir='ltr'>hanc</span> <span class='ocrx_word' id='word_1_322' title='bbox 2510 2068 2611 2113; x_wconf 90' lang='lat' dir='ltr'>ulti-</span> 
     </span>
     <span class='ocr_line' id='line_1_29' title="bbox 357 2131 2342 2192; baseline 0.002 -16"><span class='ocrx_word' id='word_1_323' title='bbox 357 2145 477 2176; x_wconf 88' lang='lat' dir='ltr'>mam</span> <span class='ocrx_word' id='word_1_324' title='bbox 506 2131 700 2177; x_wconf 91' lang='lat' dir='ltr'>absolvit</span> <span class='ocrx_word' id='word_1_325' title='bbox 732 2133 819 2178; x_wconf 85' lang='lat' dir='ltr'>mei</span> <span class='ocrx_word' id='word_1_326' title='bbox 851 2133 1032 2179; x_wconf 87' lang='lat' dir='ltr'>Somnii.</span> <span class='ocrx_word' id='word_1_327' title='bbox 1092 2133 1192 2189; x_wconf 83' lang='lat' dir='ltr'>Ego</span> <span class='ocrx_word' id='word_1_328' title='bbox 1225 2147 1404 2192; x_wconf 91' lang='lat' dir='ltr'>quoque</span> <span class='ocrx_word' id='word_1_329' title='bbox 1435 2135 1480 2178; x_wconf 93' lang='lat' dir='ltr'>in</span> <span class='ocrx_word' id='word_1_330' title='bbox 1512 2134 1612 2190; x_wconf 85' lang='lat' dir='ltr'>ejus</span> <span class='ocrx_word' id='word_1_331' title='bbox 1643 2134 1915 2192; x_wconf 87' lang='lat' dir='ltr'>repetitione</span> <span class='ocrx_word' id='word_1_332' title='bbox 1946 2140 2075 2179; x_wconf 85' lang='lat' dir='ltr'>notas</span> <span class='ocrx_word' id='word_1_333' title='bbox 2105 2135 2189 2179; x_wconf 85' lang='lat' dir='ltr'>has</span> <span class='ocrx_word' id='word_1_334' title='bbox 2220 2134 2342 2180; x_wconf 90' lang='lat' dir='ltr'>finio.</span> 
     </span>
    </p>
   </div>
   <div class='ocr_carea' id='block_1_3' title="bbox 2640 2563 2652 2667">
    <p class='ocr_par' dir='ltr' id='par_1_5' title="bbox 2640 2563 2652 2667">
     <span class='ocr_line' id='line_1_30' title="bbox 2644 2563 2652 2590; baseline 0 0"><span class='ocrx_word' id='word_1_335' title='bbox 2644 2563 2652 2590; x_wconf 53' lang='grc' dir='ltr'>ᾗ·</span> 
     </span>
     <span class='ocr_line' id='line_1_31' title="bbox 2647 2597 2652 2613; baseline 0 0"><span class='ocrx_word' id='word_1_336' title='bbox 2647 2597 2652 2613; x_wconf 87' lang='grc' dir='ltr'>ι</span> 
     </span>
     <span class='ocr_line' id='line_1_32' title="bbox 2640 2629 2652 2667; baseline 0 0"><span class='ocrx_word' id='word_1_337' title='bbox 2640 2629 2652 2667; x_wconf 62' lang='grc' dir='ltr'><em>ἕ</em></span> 
     </span>
    </p>
   </div>
   <div class='ocr_carea' id='block_1_4' title="bbox 2576 3296 2652 4088">
    <p class='ocr_par' dir='ltr' id='par_1_6' title="bbox 2576 3296 2652 4088">
     <span class='ocr_line' id='line_1_33' title="bbox 2576 3296 2652 4088; baseline 0 0"><span class='ocrx_word' id='word_1_338' title='bbox 2576 3296 2652 4088; x_wconf 95' lang='lat' dir='ltr'> </span> 
     </span>
    </p>
   </div>
  </div>
 </body>
</html>
