2652 4088
1134 145 1378 193 Solemnia.

456 298 592 348 Cana
627 293 765 354 fideti,
802 293 960 358 pudor
997 300 1046 344 et
1080 297 1254 358 pietas,
1296 307 1582 360 morumque
1621 300 1852 346 venustas

599 367 798 417 Hancce
837 382 927 416 suo
966 367 1133 417 sedem
1171 371 1477 418 constituere>
1504 367 1668 418 choro.

452 442 616 505 thue
654 443 749 490 isto
788 440 970 504 templo
1010 441 1235 490 fraudum
1273 441 1444 505 procul
1483 441 1646 491 exulat
1683 455 1873 504 agmen,

598 515 681 564 Sic
720 513 844 561 nihil
880 513 1137 577 indigenae
1174 521 1376 577 pectora
1411 514 1594 563 fraudis
1632 515 1830 564 habent.

455 588 693 648 Candida,
729 587 879 649 justa,
916 593 1106 651 patens,
1148 595 1195 636 et
1231 603 1368 637 mens
1405 589 1648 651 ferrugine
1685 603 1820 652 pura,

598 661 918 723 Libertasque
954 660 1027 708 illi
1064 660 1211 724 plena
1248 661 1448 724 pudoris
1486 663 1627 710 inest.

452 737 755 796 Pectoraque
794 733 999 782 aetherii
1036 739 1266 796 satagunt
1303 749 1400 783 non
1437 736 1603 783 nescia
1641 735 1816 795 cultuS‚

599 807 662 854 Et
701 808 849 855 verba
885 808 1071 855 aeterni
1108 812 1222 855 sunt
1258 809 1308 855 in
1345 808 1529 856 honore
1568 807 1679 856 Dei.

450 883 663 946 Ipsaque
701 894 929 942 possesso
969 882 1123 930 virtus
1163 880 1437 943 opulentior
1474 893 1592 928 auro

597 953 749 1015 Signa
787 955 862 1001 sui
899 955 949 1000 in
987 953 1112 1002 facie
1149 953 1476 1016 splendidiore
1516 952 1662 1002 locat.

457 1027 614 1090 Quem
651 1040 749 1074 non
788 1026 870 1075 ille
908 1032 1075 1075 movet
1109 1027 1285 1089 plenus
1323 1028 1566 1089 gravitate
1605 1041 1776 1076 serena

594 1099 775 1147 Vultus
815 1105 863 1148 et
903 1114 957 1148 os
994 1098 1138 1147 hilari
1174 1101 1434 1148 tetricitate
1472 1098 1670 1148 nitens?

453 1173 652 1223 Scilicet
688 1173 934 1234 ingenitae
971 1177 1156 1235 perstat
1192 1174 1449 1234 gravitatis
1487 1174 1535 1218 in
1575 1172 1661 1220 illo

597 1244 807 1294 Pulcher
843 1245 1016 1306 honOS,
1056 1247 1204 1294 animi
1241 1247 1374 1308 picta
1411 1243 1596 1294 tabella
1633 1246 1725 1293 sui.

451 1321 721 1381 Praecipue
762 1318 958 1381 quando
997 1324 1083 1367 aut
1123 1317 1367 1367 Germano
1406 1323 1635 1381 personat
1674 1332 1769 1380 ore,

597 1393 824 1440 Doctave
862 1391 1084 1440 Romano
1123 1391 1261 1441 labra
1298 1391 1464 1455 lepore
1502 1392 1672 1451 fluunt,

451 1466 623 1529 Qualis
658 1467 706 1512 io
744 1479 936 1526 vocum,
977 1465 1137 1528 qualis
1175 1466 1303 1513 nitor
1342 1467 1438 1514 oris
1477 1463 1708 1513 amoeni?

593 1537 751 1600 Quam
788 1552 886 1586 non
925 1541 1127 1587 mentito
1168 1540 1319 1587 verba
1358 1537 1517 1587 colore
1557 1536 1773 1586 micant?

450 1612 572 1676 Quis
607 1626 707 1660 non
744 1613 952 1660 attonito
991 1611 1163 1660 similis
1202 1618 1289 1661 tua
1326 1612 1530 1674 suspicit
1569 1610 1692 1659 ora?

594 1684 778 1747 Quisve
817 1684 1088 1747 voluptatis
1127 1686 1339 1748 concipit
1375 1684 1488 1732 inde
1526 1682 1684 1732 nihil?

447 1759 628 1807 Dulcia
665 1773 754 1807 seu
792 1759 984 1821 cupiam
1024 1773 1313 1820 cursumque
1352 1759 1567 1807 rotantia
1603 1757 1770 1819 verba,

591 1831 784 1895 Inclyta
819 1832 1044 1881 Nestorei
1083 1833 1241 1892 gratia
1277 1831 1437 1880 mellis
1476 1831 1639 1880 hebet.

451 1904 676 1955 Pondera
713 1919 800 1954 seu
837 1919 994 1953 rerum
1032 1904 1255 1954 volucres
1294 1905 1524 1953 librantia
1561 1917 1723 1965 voceS,

592 1978 689 2026 Hic
729 1980 875 2027 etiam
914 1980 1078 2041 magni
1116 1984 1229 2027 sunt
1268 1978 1515 2028 Ciceronis
1555 1991 1688 2040 opes,

452 2052 550 2102 Seu
589 2053 748 2114 pietas
786 2066 928 2100 curae
966 2057 1064 2100 est:
1104 2051 1226 2099 nihil
1263 2051 1342 2100 hic
1380 2053 1476 2099 nisi
1513 2050 1720 2098 honesta
1756 2049 2005 2113 loquetur3

591 2125 701 2173 Non
739 2123 819 2173 hic
859 2126 1114 2187 spurcities
1152 2127 1340 2174 invenit
1376 2125 1479 2173 ulla
1515 2123 1693 2172 locum.

450 2198 548 2248 Seu
584 2197 747 2261 placet
785 2200 960 2246 amotis
997 2199 1204 2247 frontem
1244 2197 1472 2247 diducere
1512 2199 1662 2259 rugiS,

597 2270 849 2333 Grataque
887 2271 1077 2320 festivis
1116 2286 1342 2335 spargere
1381 2271 1532 2320 verba
1566 2270 1711 2338 jocis,

450 2344 669 2393 Proferet
707 2359 788 2393 ore
821 2344 979 2406 jocOS‚
1020 2351 1069 2394 et
1107 2348 1196 2394 erit
1235 2359 1429 2407 quoque
1466 2343 1658 2407 pondus
1696 2343 1745 2389 in
1783 2341 1904 2391 illis:

594 2418 721 2467 Nam
758 2424 873 2480 pote
910 2419 1125 2467 mordaci
1167 2418 1372 2467 condere
1411 2418 1564 2466 verba
1603 2415 1705 2464 sale
1745 2421 1834 2465 est.

450 2490 532 2541 Sic
569 2492 654 2540 ubi
692 2491 782 2540 fert
819 2497 1025 2554 tempu5‚
1066 2491 1255 2540 vultum
1294 2490 1452 2539 induit
1488 2491 1572 2538 ille
1612 2489 1829 2551 Catonis,

597 2565 866 2613 Democriti
903 2579 1078 2625 moreS,
1116 2568 1156 2612 si
1188 2565 1332 2628 jubet
1368 2562 1506 2623 illud,
1547 2567 1696 2612 amat.

449 2637 772 2702 Temporibus
809 2641 990 2687 servire
1030 2638 1196 2687 decet:
1237 2653 1351 2687 nam
1388 2643 1608 2700 tempora
1645 2635 1858 2699 palmam

597 2711 824 2760 Servanti
863 2711 1114 2761 instabiles
1152 2727 1298 2775 saepe
1338 2710 1513 2761 dedere
1552 2711 1702 2758 vices,

453 2785 519 2835 At
557 2800 704 2848 quam
739 2784 876 2833 nulla
913 2786 1007 2832 viri
1043 2786 1229 2834 fastosa
1266 2785 1496 2848 superbia
1534 2789 1704 2846 pectus

594 2856 852 2920 Occupat?
891 2857 1081 2907 Heroas
1121 2874 1266 2920 quam
1305 2862 1439 2907 tenet
1474 2856 1562 2904 illa
1600 2854 1867 2919 frequens?

451 2932 646 2981 Limina
682 2930 847 2979 nullus
886 2930 1001 2991 adit,
1043 2947 1185 2995 quem
1224 2945 1322 2980 non
1359 2929 1611 2980 moderata
1649 2934 1895 2992 petentem

589 3004 784 3067 Excipit
822 3009 870 3052 et
907 3005 1070 3054 subito
1111 3020 1209 3068 qua
1240 3005 1388 3067 juvat
1427 3010 1528 3053 arte
1566 3007 1744 3066 potest.
1916 2995 1923 3005 ’

456 3075 577 3141 Quis
614 3077 734 3135 mihi
772 3091 899 3125 nunc
938 3083 1077 3126 vates
1116 3080 1295 3127 arentis
1334 3078 1535 3126 flumina
1571 3076 1769 3139 linguae

594 3150 818 3214 Impleat,
858 3156 912 3200 ut
949 3151 1093 3199 rebus
1134 3153 1348 3200 carmina
1387 3150 1535 3213 digna
1572 3147 1766 3198 fluant?

451 3222 532 3271 Ah
568 3225 687 3272 satis
726 3229 800 3272 est
837 3223 986 3272 verbo
1025 3240 1078 3274 se
1116 3224 1187 3272 illi
1227 3223 1498 3273 subducere
1535 3222 1681 3270 moli:

594 3296 836 3345 Teutonio
875 3296 1036 3346 nullus
1076 3298 1243 3346 fortior
1281 3297 1396 3345 orbe
1435 3298 1510 3344 vir
1549 3300 1637 3345 est.

455 3368 675 3418 Ebrietas
713 3369 934 3427 humens,
973 3372 1255 3419 victricibus
1293 3369 1394 3418 alta
1434 3366 1696 3430 quadrigis,

598 3440 828 3493 Germani
868 3444 995 3491 vires
1034 3445 1239 3492 conterit
1276 3456 1374 3490 una
1411 3440 1518 3490 soli.

458 3511 640 3563 Omnes
677 3517 878 3564 servitio
915 3522 1104 3578 premat
1142 3521 1190 3564 et
1227 3529 1397 3563 secura
1433 3510 1715 3573 triumphet:

599 3586 827 3637 Dedecus
861 3587 957 3637 hoc
993 3603 1091 3636 uno
1129 3587 1282 3635 milite
1322 3588 1454 3635 victa
1489 3586 1634 3647 capit.

457 3657 616 3720 Quam
653 3659 782 3709 male
818 3659 955 3709 firma
995 3661 1177 3721 Venus,
1218 3661 1347 3707 victo
1386 3672 1532 3720 quam
1571 3654 1745 3719 frigida
1782 3654 1991 3718 Bacch0,

601 3731 837 3795 Exemplo
873 3736 1069 3796 potem,
1110 3747 1302 3796 sponse,
1344 3729 1515 3779 docere
1553 3735 1653 3780 tuo,

456 3803 858 3867 Quotusquisque
897 3812 1007 3855 tuos
1038 3807 1278 3869 juvenum
1316 3808 1656 3852 numeraverat
1693 3815 1863 3862 annos,

605 3875 727 3926 Cum
765 3877 941 3942 cupida
977 3881 1025 3927 in
1065 3878 1334 3928 thalamum
1373 3876 1519 3926 ducta
1555 3875 1719 3940 puella
1756 3874 1850 3923 sibi
1886 3874 1995 3925 est?

2252 144 2356 202 133
