2652 4088
271 153 376 211 136

1292 145 1502 194 Carmina

1012 293 1247 361 Lessus.

388 430 391 434 ·
441 409 508 458 At
545 413 608 469 te,
646 408 902 470 progenies
940 405 1204 455 sceleratae
1241 403 1425 467 perfida
1460 404 1611 454 Labis

583 481 795 528 Exitium
831 485 998 528 sancto
1036 478 1170 527 Mors
1208 476 1441 526 meditata
1477 480 1629 541 gregi,

444 552 511 602 At
547 559 594 602 te
632 566 720 615 pro
758 558 894 600 tanto
933 550 1113 600 scelere
1152 555 1200 599 et
1235 564 1322 614 pro
1361 550 1542 599 talibus
1581 554 1729 611 ausiS,

587 624 844 687 Quondam
882 626 1029 673 etiam
1065 625 1252 683 victrix,
1292 637 1420 671 nunc
1455 625 1628 672 iterum
1666 624 1824 673 Hasta
1860 630 2016 674 necet.

442 699 600 763 Quam
637 712 796 760 neque
834 703 935 745 tam
973 698 1128 745 sancti
1165 698 1325 760 potuit
1360 698 1631 745 reverentia
1670 697 1862 761 Mystae

584 771 818 832 Flectere,
856 784 948 819 nec
982 770 1164 818 fractae
1204 769 1424 832 conjugis
1463 768 1544 817 ille
1583 769 1734 830 dolor,

442 846 544 895 Nec
576 844 780 907 jamjam
817 845 1059 906 perimens
1095 849 1265 905 pectus
1303 842 1594 902 miserabile,
1632 844 1838 904 primum

584 916 724 965 Tunc
760 915 963 965 thalami
1001 921 1212 978 a2pacto
1250 914 1442 964 foedere
1479 914 1644 962 laesus
1684 929 1839 964 amor:

440 990 543 1040 Nec
581 989 784 1038 viduata
821 1003 911 1037 suo
951 988 1146 1037 soboles
1187 993 1285 1036 tam
1325 1002 1479 1050 parva
1515 994 1714 1050 parente

587 1063 728 1123 Filia,
767 1076 858 1111 nec
894 1063 1026 1110 vitae
1064 1067 1218 1124 nupta
1253 1075 1428 1126 perosa
1466 1060 1616 1121 diem;

443 1136 634 1185 Invitus
671 1137 800 1198 patri
835 1149 925 1184 nec
961 1134 1091 1183 filius
1128 1134 1211 1183 ille
1250 1139 1511 1197 supersteS,

589 1207 782 1258 Ulricus
813 1208 1011 1271 juvenis
1050 1213 1282 1270 tempore,
1322 1213 1482 1256 mente
1519 1221 1692 1270 senex3

441 1284 544 1334 Nec
576 1283 679 1345 jam
716 1283 906 1330 succisa
945 1281 1133 1342 domus,
1172 1280 1406 1329 inclinata
1444 1280 1669 1329 columna

588 1355 682 1403 Illa
718 1355 814 1403 Dei
850 1359 1017 1417 postes
1054 1355 1291 1416 sanguine
1330 1355 1481 1402 tincta
1518 1353 1720 1415 Domus,

444 1429 684 1491 Dic-age,
723 1427 946 1477 lethifera
982 1433 1171 1476 tantum
1206 1433 1463 1489 peccata
1501 1428 1681 1488 sagitta

489 1500 494 1510 ’
593 1500 731 1562 Quae
767 1502 908 1563 petis,
946 1501 998 1548 in
1034 1506 1293 1548 sanctos
1332 1514 1415 1548 cur
1452 1499 1712 1548 furibunda
1750 1501 1888 1549 ruis?

445 1573 538 1637 An,
579 1576 696 1637 quia
732 1578 986 1636 peccatum
1024 1578 1278 1636 penetrata
1315 1571 1595 1621 medullitus
1634 1587 1747 1621 ossa

591 1645 826 1710 Occupat,
868 1653 941 1695 est
978 1647 1116 1695 coelo
1154 1648 1224 1694 sic
1260 1645 1558 1709 reparandus
1596 1644 1780 1694 homo?

445 1721 536 1770 Eia
574 1735 682 1783 age,
721 1720 812 1768 sub
850 1725 1000 1769 terras
1040 1733 1309 1782 exsangues
1347 1718 1590 1767 mordicus
1629 1727 1761 1767 artus

593 1793 780 1856 Arripe‚
821 1791 983 1852 tunde,
1024 1792 1183 1852 abole,
1222 1792 1405 1855 perlue,
1445 1790 1576 1852 rade,
1618 1806 1787 1855 coque.

376 1899 381 1903 ,
447 1865 662 1929 Jamjam
700 1865 886 1915 fatidici
923 1867 1057 1914 venit
1093 1865 1265 1914 ultima
1303 1867 1527 1914 carminis
1566 1871 1717 1925 aetas,

594 1939 718 1988 Cum
755 1938 930 1988 reddes
968 1937 1183 1987 nondum
1222 1938 1386 1987 debita
1424 1938 1639 1986 membra
1676 1937 1806 2000 polo,

447 2011 655 2077 Spiritus
693 2013 878 2061 interea
916 2011 1105 2060 coelum
1143 2012 1289 2060 subit.
1365 2009 1499 2060 Uxor
1536 2017 1584 2059 et
1622 2012 1740 2059 orba

516 2128 524 2132 .
590 2085 760 2135 Proles
799 2091 847 2133 et
885 2084 1062 2134 Christi
1100 2086 1336 2147 sanguine
1373 2086 1526 2134 tincta
1563 2083 1751 2132 Domus

448 2158 572 2209 Sunt
612 2160 825 2208 Domino
865 2173 1026 2207 curae.
1101 2158 1210 2207 Non
1250 2157 1340 2206 has
1378 2159 1454 2206 vis
1492 2158 1716 2220 improba
1753 2153 1929 2217 laedet,
1997 2182 1999 2185 >

588 2233 698 2283 Non
730 2233 890 2295 juncti
929 2231 1138 2281 Satanas
1176 2230 1409 2295 Morsque
1449 2230 1713 2295 Stygisque
1751 2229 1904 2278 lacus.

1371 2390 1450 2440 Ad

2242 413 2362 457 Rom.
2393 413 2435 456 5.

2245 631 2347 675 Hos.
2382 633 2450 673 13.

2253 1437 2371 1479 Rom.
2405 1441 2447 1480 6.

2260 1581 2408 1624 Matth.
2444 1585 2516 1626 15.

2260 1658 2298 1697 1.
2321 1654 2415 1701 Cor.
2450 1658 2518 1699 15.

2260 1873 2370 1917 Dan.
2404 1876 2472 1917 12.

2263 1947 2374 1987 Hiob
2408 1950 2478 1991 19.

2265 2022 2360 2074 Sap.
2394 2023 2434 2064 3.

2266 2233 2417 2276 Matth.
2452 2235 2522 2274 16.
2613 2238 2636 2263 >’

320 2487 376 2556 J.
421 2485 784 2568 Unicum,
847 2483 1109 2552 defuncti
1155 2483 1373 2565 filium,
1423 2484 1720 2553 secundae
1765 2483 2015 2552 laureae
2061 2480 2481 2552 candidatum.

790 2617 968 2679 Ulrice‚
1008 2615 1204 2666 nostrae
1243 2617 1401 2679 gloria
1437 2619 1642 2680 patriae,

799 2691 841 2741 Ο
883 2693 985 2741 vita
1021 2692 1172 2753 patris
1208 2690 1470 2753 posthuma
1506 2692 1682 2739 mortui

939 2763 1050 2812 Hac
1085 2764 1212 2824 luce,
1253 2778 1396 2826 quem
1434 2763 1591 2812 factus
1630 2763 1865 2828 Magister

940 2836 1179 2887 Restituis
1220 2836 1395 2886 viduae
1433 2838 1648 2899 parenti:

795 2910 904 2970 Dic,
946 2923 1071 2972 quae
1112 2908 1384 2972 Charybdis
1421 2915 1470 2958 te
1507 2924 1593 2972 per
1630 2909 1903 2974 inhospitas

796 2982 1128 3032 Periculosam
1165 2981 1298 3030 Diva
1335 2983 1616 3045 voraginem

836 3054 837 3057 ’
940 3055 1186 3104 Latrantis
1225 3059 1274 3103 et
1302 3051 1391 3118 per
1426 3069 1548 3104 saxa
1585 3053 1776 3118 Scyllae

941 3127 1240 3178 Incolumem
1279 3126 1513 3191 applicuit
1551 3127 1830 3191 triumpho?

797 3202 1074 3251 Tantumne
1110 3215 1256 3250 voces
1294 3200 1659 3249 sollicitantium

798 3275 916 3325 Alta
951 3278 1176 3338 repostae
1212 3278 1371 3322 mente
1409 3274 1694 3336 parentium,

939 3348 1212 3396 Tantumne
1249 3347 1440 3396 fervens
1477 3346 1723 3395 literarum

942 3420 1183 3469 Evaluere
1221 3421 1326 3469 sitis
1363 3419 1635 3482 laborque?

798 3494 939 3544 Haec
974 3492 1219 3557 languidis
1257 3495 1365 3556 quis
1402 3490 1838 3541 nuncius‘auribus

797 3568 1220 3616 Immurmurasset
1256 3565 1453 3615 solliciti
1489 3566 1655 3629 patris,

941 3639 1156 3702 Jamjam
1193 3639 1478 3702 migrantem
1515 3637 1772 3702 palpitanti

938 3712 1144 3762 Pectore
1180 3714 1264 3761 vix
1299 3715 1510 3760 animam
1546 3710 1805 3759 trahentis:

801 3784 956 3834 Curae
991 3785 1186 3835 levatus
1220 3790 1357 3850 parte
1396 3785 1688 3832 domesticae

796 3859 952 3909 Vultu
989 3872 1158 3908 sereno
1193 3857 1467 3908 lethiferum
1502 3856 1618 3904 mali
