2652 4088
356 183 429 240 82
1217 183 1488 230 Plutarchus
1519 185 1574 230 de
1603 185 1740 232 Facie

356 329 609 394 quodlibet
658 335 707 378 et
755 328 1047 383 adnascitur.
1122 330 1177 380 Si
1225 346 1340 380 vero
1389 342 1563 395 corpus
1610 332 1809 395 aliquod
1849 333 2051 392 existat,
2103 329 2236 393 quod
2273 329 2452 379 Terrae
2502 342 2599 378 non

354 403 498 452 fuerit
535 402 818 451 attributum
856 419 886 452 a
921 405 1176 467 principio,
1215 419 1305 453 nec
1344 406 1405 452 ab
1445 421 1503 454 ea
1542 406 1802 465 revulsum,
1842 404 1927 453 sed
1957 404 2086 466 quod
2126 404 2246 451 sorte
2274 418 2326 452 se
2353 404 2459 465 ipso
2485 417 2600 465 pro-

353 479 507 540 priam
554 476 776 524 sortitum
820 478 884 525 sit
929 484 1150 525 naturam
1199 484 1246 525 et
1286 479 1674 538 consistentiam,
1728 478 1871 541 quale
1918 477 1989 524 illi
2042 479 2208 538 utique
2258 475 2446 523 Lunam
2494 490 2599 524 esse

354 549 528 608 dicent,
571 547 688 612 quid
725 550 1046 612 impediverit,
1086 548 1207 596 illud
1246 552 1445 597 seorsim
1484 565 1762 612 permanere
1804 554 1929 599 circa
1969 564 2020 597 se
2054 551 2225 611 ipsum,
2266 550 2472 610 propriis
2500 551 2599 596 suis

352 621 527 669 fultum
579 626 627 669 et
673 623 941 670 revinctum
987 621 1245 684 partibus?
1306 622 1431 670 Nam
1482 638 1637 685 neque
1677 624 1826 672 Terra
1878 623 2233 671 demonstratur
2279 636 2384 670 esse
2423 620 2598 681 media,

352 699 399 742 et
434 693 728 754 reliquorum
757 709 880 756 quae
909 694 986 742 hic
1013 701 1124 742 sunt
1150 709 1401 757 corporum
1431 710 1537 743 cum
1566 697 1715 745 Terra
1754 695 2000 757 colligatio
2029 695 2439 757 compositioque,
2478 707 2599 741 eun-

353 766 462 814 dem
501 766 797 814 ad·modum
837 775 1257 828 commemoratur,
1310 783 1406 829 quo
1446 770 1592 816 etiam
1631 770 1699 816 ibi
1739 783 1940 832 corpora
1978 768 2037 816 ad
2078 768 2267 815 Lunam
2307 766 2599 814 confluentia

349 837 458 887 loco
513 841 775 889 consistere
822 839 1075 902 probabile
1111 847 1201 889 est.
1280 839 1373 901 Qui
1427 856 1541 889 vero
1594 848 1748 890 terrea
1793 850 1839 891 et
1877 843 2048 904 gravia
2098 842 2292 888 omnino
2342 841 2505 887 omnia
2552 841 2600 885 in

350 926 499 961 unum
535 911 696 960 locum
736 913 864 975 cogit
902 915 1140 975 uniusque
1179 915 1391 975 corporis
1430 920 1591 976 partes
1630 915 1771 973 facit,
1825 916 1865 962 is
1905 929 1987 962 cur
2026 928 2121 961 non
2163 920 2211 962 et
2247 913 2438 960 levibus
2478 926 2596 959 ean—

351 985 462 1034 dem
501 999 559 1034 ex
598 985 803 1034 adverso
844 988 1181 1035 necessitatem
1221 989 1460 1049 imponat,
1514 987 1645 1035 haud
1693 987 1915 1048 equidem
1962 987 2230 1049 perspici03
2282 987 2396 1047 quin
2436 986 2601 1046 potius

348 1062 424 1107 tot
460 1063 720 1120 tantasque
759 1060 886 1122 ignis
936 1060 1274 1108 consistentias
1325 1075 1412 1108 seu
1463 1060 1614 1108 moles
1666 1061 1870 1121 sparsim
1925 1067 1972 1107 et
2022 1061 2084 1107 ab
2124 1061 2332 1106 invicem
2381 1057 2598 1105 divulsas

351 1145 456 1180 esse
495 1131 731 1194 concedit,
770 1145 860 1180 nec
897 1133 1150 1195 perspicue
1191 1134 1430 1195 opinatur,
1472 1147 1638 1180 omnes
1669 1132 1837 1181 stellas
1878 1135 1923 1179 in
1953 1132 2157 1180 eundem
2198 1132 2356 1179 locum
2397 1145 2601 1192 congre-

348 1218 485 1268 gans,
525 1211 746 1266 oportere
785 1206 932 1253 etiam
971 1219 1286 1268 supernorum
1326 1206 2005 1271 cursuumjflammeorumque
2033 1205 2242 1253 siderum
2281 1217 2431 1251 unum
2466 1217 2601 1252 com-

349 1291 494 1325 mune
536 1291 709 1340 corpus
749 1291 872 1329 csse.

521 1348 618 1398 Sed
657 1349 820 1399 Solem
871 1363 984 1411 vos,
1029 1351 1256 1412 inquam,
1306 1353 1371 1399 mi
1424 1349 1765 1413 ApollonideS,
1816 1350 2013 1398 infinitis
2066 1349 2269 1398 millium
2321 1348 2534 1396 millibus
2571 1362 2603 1396 a

355 1424 510 1486 primo
550 1429 598 1472 et
635 1436 861 1486 supremo
897 1429 1030 1471 motu
1069 1425 1242 1472 abesse
1283 1424 1462 1483 dicitis,
1505 1430 1552 1473 et
1592 1424 1864 1471 Luciferum
1902 1425 2028 1472 circa
2068 1425 2240 1485 ipsum,
2281 1421 2600 1469 Mercurium-

351 1509 462 1559 que,
501 1510 590 1545 nec
626 1510 721 1544 non
762 1501 811 1545 et
849 1510 1041 1544 errones
1068 1504 1253 1545 ceteros
1293 1503 1390 1545 tam
1418 1498 1479 1545 ab
1508 1497 1827 1544 inerrantibus
1853 1499 1898 1544 in
1927 1496 2165 1559 profundo
2206 1495 2426 1556 relinqui,
2455 1508 2602 1557 quam
2638 1523 2652 1563 ⁴

348 1570 472 1618 inter
510 1583 564 1617 se
602 1576 769 1617 mutuo
808 1570 1031 1617 maximis
1070 1570 1337 1625 intervallis
1380 1570 1616 1618 distantes
1655 1571 1858 1629 incitari,
1900 1570 2132 1631 gravibus
2172 1583 2286 1616 vero
2327 1575 2375 1616 et
2401 1568 2601 1616 terrenis
2644 1579 2652 1634 ξ

349 1643 637 1691 existimatis
675 1657 704 1691 a
742 1641 921 1690 mundo
961 1641 1081 1690 nihil
1119 1644 1266 1705 spatii
1304 1644 1426 1691 inter
1465 1658 1516 1692 se
1555 1642 1786 1704 nullaque
1825 1642 2082 1690 intervalla
2109 1641 2294 1690 indulta
2319 1655 2443 1690 esse.
2508 1639 2612 1690 Vi-‘
2648 1639 2652 1650 ²

349 1714 473 1763 detis
514 1716 685 1778 opinor
722 1714 952 1763 ridiculos
990 1729 1095 1768 esse
1137 1729 1251 1775 nos,
1305 1718 1345 1764 si
1386 1717 1574 1764 Lunam
1625 1716 1686 1763 ob
1726 1715 1775 1762 id
1828 1717 2170 1777 negaverimus
2225 1729 2331 1762 esse
2383 1720 2602 1774 terream,
2647 1749 2652 1766 ι

347 1789 463 1850 quia
500 1785 720 1836 nonnihil
742 1787 900 1846 ,distet
928 1789 988 1836 ab
1017 1789 1114 1836 imo
1151 1788 1318 1836 mundi
1354 1788 1478 1848 loco,
1519 1789 1652 1836 sidus
1691 1802 1806 1836 vero
1833 1788 1965 1836 illam
1995 1789 2242 1846 saciamuS,
2284 1801 2389 1835 cum
2430 1785 2613 1838 videa-.

345 1875 453 1908 mus
491 1859 625 1908 illam
663 1875 694 1908 a
730 1861 885 1923 primo
926 1867 972 1909 et
1011 1875 1235 1923 supremo
1287 1870 1420 1910 motu
1474 1868 1545 1910 tot
1596 1861 1806 1909 millibus
1848 1861 2052 1908 millium
2091 1860 2350 1922 repulsam,
2390 1874 2447 1908 ac
2486 1855 2652 1915 siin..

352 1939 552 1998 puteum
599 1933 814 1996 aliquem
865 1935 928 1982 sit
979 1933 1211 1982 demersa.
1289 1935 1427 1984 Certe
1478 1935 1540 1982 ab
1580 1936 1721 1982 astris
1768 1933 1964 1996 reliquis
2021 1941 2207 1981 tantuin
2260 1933 2344 1980 illa
2391 1922 2652 1993 recessit,*2

353 2013 587 2069 quantum
626 2021 769 2055 nemo
808 2005 952 2056 facile
989 2009 1406 2070 pronunciaverit3
1447 2007 1674 2055 deficiunt
1712 2009 1838 2055 enim
1878 2021 1966 2054 vos
1994 2006 2363 2054 mathematicos
2402 2006 2600 2066 numeri,
2627 2009 2634 2063 j

352 2079 529 2142 quibus
569 2079 674 2142 ejus
711 2093 966 2129 mensurae
1005 2082 1220 2129 rationes
1257 2081 1565 2141 subducatis3
1606 2079 1805 2129 Terram
1831 2094 1946 2129 vero
1973 2079 2071 2129 fere
2100 2081 2336 2143 contingit
2360 2080 2634 2142 proxime-'

351 2167 446 2216 que
486 2154 810 2202 circumvecta

617 2225 760 2275 Trita
798 2224 935 2275 velut
971 2239 1155 2275 currus
1189 2227 1404 2287 replicat
1441 2227 1663 2290 vestiyia,
1703 2222 1776 2291 (ut
1811 2222 2131 2288 Empedocles
2173 2227 2322 2288 canit)

1040 2326 1113 2334 —-
1186 2326 1255 2337 ·—
1331 2326 1400 2335 -—
1478 2327 1540 2334 -
1617 2313 1874 2347 summam

615 2368 881 2438 (Delibans
917 2371 1158 2420 umbram
1195 2372 1389 2434 yelidae
1434 2370 1678 2437 Telluris).

351 2444 507 2507 Saepe
546 2446 673 2492 enim
712 2459 771 2493 ne
809 2445 1030 2492 umbram
1079 2444 1273 2507 quidem
1315 2445 1443 2493 illius
1489 2451 1688 2507 superat
1734 2458 1991 2507 parumper
2029 2442 2295 2503 elevatam,
2346 2448 2602 2505 propterea

355 2520 468 2580 quia
507 2531 680 2580 corpus
720 2517 918 2565 Terram
958 2517 1235 2565 illuminans
1273 2518 1417 2581 plane
1456 2519 1718 2566 maximum
1759 2523 1845 2577 est,
1887 2516 1973 2564 sed
2013 2516 2136 2564 adeo
2176 2516 2368 2564 videtur
2394 2518 2440 2563 in
2481 2530 2600 2564 con-

353 2597 520 2653 spectu
560 2606 618 2639 ac
653 2605 776 2653 pene
817 2589 1015 2638 dixerim
1053 2592 1100 2637 in
1142 2590 1266 2638 ulnis
1305 2591 1482 2639 Terrae
1536 2592 1737 2649 versari,
1794 2595 1847 2637 ut
1884 2591 2027 2638 etiam
2070 2588 2343 2638 obvalletur
2382 2590 2473 2651 ipsi
2514 2588 2600 2637 Sol

353 2678 383 2712 a
411 2663 573 2722 Terra,
614 2677 703 2711 nec
742 2671 996 2725 exsuperet
1033 2662 1118 2712 illa
1157 2664 1437 2711 umbrosum
1475 2663 1666 2711 isthunc
1693 2668 1740 2710 et
1765 2655 1970 2710 terreum
1998 2668 2381 2724 nocturnumque
2420 2663 2596 2723 locum,
2624 2657 2652 2736 ψ’

351 2738 434 2799 qui
473 2738 519 2783 in
560 2735 737 2784 Terrae
789 2744 916 2784 sorte
956 2740 1044 2783 est.
1120 2735 1384 2798 Propterea
1424 2743 1471 2784 et
1508 2736 1674 2784 fidenti
1715 2734 1907 2797 quidem
1954 2736 2115 2783 animo
2162 2737 2465 2797 pronunciari
2505 2735 2597 2784 hoc

351 2824 382 2858 a
421 2810 561 2857 nobis
600 2810 822 2857 existimo
848 2823 1008 2872 posse,
1047 2807 1236 2859 Lunam
1276 2810 1325 2856 in
1351 2809 1570 2859 confiniis
1597 2809 1776 2857 Terrae
1802 2821 1923 2869 esse,
1962 2813 2195 2872 tanquam
2221 2815 2332 2871 post
2358 2799 2594 2858 extrcm‘as

352 2883 458 2946 ejus
499 2897 607 2930 oras
647 2881 891 2930 latentem.
2649 2933 2652 2938 .

522 2954 786 3003 Considera
823 2969 937 3003 vero
975 2951 1204 3019 (dimissis
1241 2954 1352 3002 aliis
1389 2953 1638 3003 erronibus
1664 2959 1714 3003 et
1749 2949 2106 3019 inerrantibus),
2145 2952 2262 3015 quid
2291 2951 2597 3001 Aristarchus

349 3025 643 3076 demonstret
679 3027 802 3075 libro
843 3027 903 3075 de
941 3026 1353 3090 magnitudinibus
1392 3033 1440 3075 et
1477 3025 1766 3085 intervallis,
1823 3025 1954 3074 Solis
1990 3026 2301 3074 intervallum
2354 3024 2606 3090 intervalli,
2650 3043 2652 3048 ’

348 3099 542 3160 Lunae,
583 3115 679 3163 quo
719 3100 804 3148 illa
843 3100 991 3148 distat
1028 3115 1056 3147 a
1094 3101 1258 3160 nobiS‚
1310 3113 1416 3148 esse
1454 3098 1612 3160 majus
1650 3098 1848 3162 quidem
1886 3098 2229 3162 octodecuplo,
2282 3100 2441 3147 minus
2477 3095 2603 3148 'vcro

351 3173 624 3236 vigecuplo.
682 3173 831 3235 Atqui
871 3172 1058 3220 Lunam
1099 3174 1182 3235 qui
1221 3187 1366 3234 quam
1404 3171 1638 3220 altissime
1677 3172 1855 3232 evehit,
1895 3171 2074 3221 distare
2113 3172 2244 3220 illam
2285 3171 2399 3220 dicit
2437 3186 2520 3220 sex
2549 3176 2619 3235 ct,

348 3246 771 3309 quinquagecuplo
811 3245 939 3308 eJUS,
981 3260 1105 3307 quae
1143 3261 1203 3294 ex
1242 3252 1403 3293 centro
1430 3243 1607 3292 Terrae
1635 3245 1823 3293 ducitur
1846 3243 1908 3292 ad
1945 3244 2160 3307 ejusdem
2188 3245 2488 3307 superficiem
2510 3239 2594 3308 1ἕ”)’.’

347 3318 486 3367 Haec
541 3334 655 3368 vero
706 3320 836 3367 linea
884 3318 1150 3367 stadiorum
1188 3317 1335 3366 habet
1378 3319 1668 3380 quadragies
1705 3316 1850 3366 mille.
1930 3317 1992 3366 Et
2036 3318 2300 3367 secundum
2350 3331 2457 3376 eos,
2511 3331 2543 3379 q

346 3391 508 3440 media
556 3392 764 3455 quadam
814 3393 998 3440 ratione
1047 3397 1327 3454 computant
1376 3399 1522 3452 atque
1574 3391 1636 3438 ab
1675 3392 1769 3438 ista
1817 3390 1945 3439 linea
1994 3405 2132 3439 suam
2180 3392 2513 3440 ratiocination

347 3472 558 3526 nectunt,
601 3467 738 3513 abest
777 3464 860 3513 Sol
900 3480 929 3513 a
971 3464 1113 3512 Luna
1150 3464 1258 3526 plus
1299 3479 1443 3526 quam
1484 3463 1771 3525 quadragies
1809 3463 1940 3511 mille
1990 3470 2037 3512 et
2074 3470 2287 3513 trecenta
2324 3462 2611 3511 stadiorum:

352 3536 518 3586 millia.
598 3538 653 3585 In
692 3544 879 3586 tantum
918 3553 947 3585 a
973 3537 1087 3586 Sole
1125 3539 1326 3586 recessit
1374 3537 1434 3585 ob
1474 3537 1762 3598 gravitatem
1801 3541 2084 3599 tantumque
2124 3537 2286 3586 Terris
2325 3537 2628 3598 appropin-⁸

349 3611 530 3670 quavit.
593 3610 766 3673 Itaque
806 3613 844 3658 si
885 3613 1080 3659 omnino
1119 3625 1273 3658 rerum
1313 3609 1494 3658 classes
1532 3617 1642 3657 sunt
1681 3608 2048 3671 distinguendae
2086 3609 2228 3670 locis,
2272 3609 2447 3657 Terrae
2487 3622 2590 3656 sors
2626 3649 2652 3671 -,

351 3680 623 3743 Terraeque
663 3684 815 3732 veluti
855 3683 957 3730 dies
995 3683 1244 3745 judicialis
1267 3683 1455 3742 Lunam
1480 3683 1703 3742 advocat,
1745 3689 1912 3744 estque
1940 3683 2078 3730 Luna
2115 3696 2270 3731 rerum
2310 3696 2590 3743 corporum·
2620 3689 2633 3743 ,ζ-

349 3768 442 3816 que
484 3758 775 3804 terrestrium
813 3763 1017 3818 patrona
1056 3757 1117 3804 ob
1156 3756 1403 3804 affinitatis
1441 3761 1488 3804 et
1529 3756 1784 3803 vicinitatis
1813 3754 2232 3804 necessitudinem.
2292 3753 2463 3813 Neque
2500 3767 2627 3823 nos2

349 3827 518 3889 opinor
556 3830 812 3889 quicquam
861 3844 1056 3877 movere
1106 3829 1268 3888 debet,
1323 3828 1453 3890 quod
1508 3826 1774 3887 cumillis,
1829 3843 1954 3890 quae
2003 3843 2211 3890 superna
2263 3827 2628 3894 appellantur,'²

348 3906 532 3948 tantam
571 3902 851 3950 vastitatem
889 3907 1119 3964 tantaque
1157 3901 1494 3950 indulserimus
1533 3899 1802 3961 intervalla,
1841 3900 2153 3963 relinquimus
2190 3899 2404 3962 aliquam
2441 3899 2625 3957 etiam-,gv

2635 1326 2652 1352 4

2605 4022 2652 4088 Ξῖι
