2652 4088
728 165 876 212 Notae
907 165 962 211 ad
997 163 1303 224 Appendicem
1336 161 1773 220 Selenograpbicam.
2303 151 2375 211 73

297 311 421 358 Haec
450 317 555 358 sunt
584 311 723 372 igitur
752 312 1081 370 experimenta,
1120 311 1235 357 haec
1274 311 1520 367 axiomata,
1566 324 1623 356 ex
1654 307 1816 367 quibus
1845 307 1941 366 J‘am
1971 302 2191 366 epistolae
2221 307 2375 363 partes

125 377 327 435 singulas
355 379 554 424 numeris
585 379 820 425 distinctas
850 377 1188 425 demonstrabo,
2100 419 2102 421 ,

301 443 344 489 2.
377 443 508 500 Quod
540 446 758 494 cavitates
787 443 988 488 maculas
1020 443 1303 500 potissimum
1325 448 1563 501 occupent,
1595 455 1686 488 non
1706 445 1858 498 partes
1882 438 2071 493 lucidas,
2101 437 2149 484 id
2178 435 2378 495 pertinet

125 508 183 554 ad
211 509 375 554 XXIV.
408 509 754 569 desumtumque
783 514 829 554 et
858 509 1006 565 ipsum
1039 514 1109 553 est
1139 522 1195 553 ex
1224 511 1338 555 visu.

298 576 342 621 3.
372 576 629 621 Maculosas
658 580 813 634 partes
844 587 944 620 esse
974 575 1236 621 humiliores
1267 576 1442 630 lucidis,
1476 574 1680 631 sequitur
1707 578 1758 618 ut
1787 571 1918 618 XIII.

37 670 42 676 ·
296 645 338 690 4.
371 645 410 688 5.
442 643 516 687 Ex
545 642 723 688 macula
752 645 932 686 saturae
962 641 1209 697 nigredinis
1242 642 1405 699 colligo
1436 641 1576 687 maria
1606 640 1735 696 XXI,
1769 644 1814 683 et
1845 637 2054 683 dilutiore
2085 636 2213 694 nigro
2243 632 2374 692 palu-

52 711 65 748 ἑ
125 711 239 756 stria
264 707 413 755 XXII.
446 707 615 752 XXIII.

44 775 46 779 ’
297 776 337 823 6.
369 775 417 820 Si
447 778 671 818 metantur
701 773 871 831 spatia,
913 787 1185 819 consensum
1217 775 1335 820 inter
1365 788 1442 820 eos
1475 786 1576 818 esse
1607 783 1792 818 necesse
1824 775 1915 828 est,
1961 783 2092 828 quem
2123 767 2264 812 habes
2294 777 2378 824 per

298 907 338 951 7.
370 905 573 950 Rationis
606 910 694 961 est,
727 905 785 950 ad
817 910 988 950 eertum
1017 907 1154 952 finem
1183 908 1386 954 tendere.
1446 905 1549 952 Etsi
1580 918 1686 949 vero
1719 905 1854 951 etiam
1881 904 1990 948 ludo
2023 901 2248 957 indulget,
2287 897 2378 944 fal-

124 971 249 1017 lendi
276 972 490 1028 temporis
522 985 680 1028 causa,
714 984 851 1028 opera
880 978 1031 1018 tamen
1063 975 1119 1019 ad
1150 974 1308 1019 ludum
1340 977 1599 1030 comparata
1629 985 1720 1015 non
1753 975 1859 1015 sunt
1888 967 2194 1024 magnitudine
2227 965 2378 1020 aequi-

124 1038 327 1094 paranda
356 1037 438 1092 iis,
471 1050 586 1094 quae
617 1038 675 1082 ad
704 1038 840 1082 finem
869 1042 1063 1086 tendunt
1095 1041 1166 1086 sui
1199 1038 1512 1085 conservandi.
1572 1038 1698 1081 Haec
1729 1049 1834 1080 vero
1868 1046 2004 1090 opera
2037 1036 2143 1077 sunt
2170 1031 2379 1076 maxima*

127 1109 177 1148 ut
206 1115 322 1160 quae
352 1115 378 1146 a
409 1103 466 1148 50
495 1101 694 1146 millibus
726 1104 981 1149 milliarium
1013 1121 1102 1151 non
1135 1107 1356 1164 effugiunt
1387 1119 1567 1150 sensum
1599 1107 1820 1148 nostrum.

297 1167 342 1212 8.
376 1167 492 1223 Quia
523 1167 766 1212 cavitatum
798 1171 976 1226 aliquae
1009 1173 1265 1219 ambiuntur
1294 1173 1412 1217 vallo
1436 1171 1650 1226 exterius,
1683 1175 1728 1212 et
1760 1167 1866 1222 quia
1897 1165 2142 1222 depressae
2174 1166 2281 1207 sunt
2310 1175 2382 1206 ca-

130 1235 293 1279 vitates
323 1235 369 1278 in
402 1234 656 1279 maculosas
687 1236 909 1293 regioneS‚
942 1251 1053 1293 quas
1084 1239 1247 1283 humor
1277 1239 1486 1285 obtinens
1517 1238 1647 1295 nigro
1678 1234 1841 1278 inficit:
1873 1232 1980 1276 hinc
2011 1230 2172 1285 colligo
2203 1228 2382 1274 humori

128 1306 342 1345 extraneo
374 1300 604 1356 objectum
636 1314 736 1346 esse
767 1303 955 1361 vallum3
1001 1305 1077 1361 qui
1115 1318 1221 1350 vero
1254 1311 1351 1351 erat
1392 1306 1512 1350 intra
1541 1303 1727 1352 vallum,
1768 1312 1870 1344 eum
1902 1295 2142 1341 exhaurire
2175 1293 2382 1338 docuisse

126 1365 226 1410 illos
256 1365 619 1424 endymiouidas,
662 1372 844 1414 nostros
876 1376 987 1426 puto
1019 1371 1283 1418 Hollandos.
1345 1373 1398 1417 In
1430 1372 1623 1416 Dissert.
1657 1367 1690 1412 f.
1722 1368 1792 1411 17.
1825 1367 1930 1420 (Vol
1960 1368 2014 1408 II.
2043 1379 2086 1419 p.
2120 1361 2245 1418 497.)
2278 1373 2382 1404 con-

127 1431 312 1477 trarium
343 1446 443 1476 sum
472 1433 735 1487 hariolatus,
767 1434 914 1480 fossas
937 1435 1138 1493 deprimi,
1171 1438 1289 1482 forte
1312 1439 1444 1483 etiam
1467 1434 1668 1481 humoris
1692 1447 1715 1477 e
1737 1430 1962 1489 profundo
1996 1426 2202 1473 eliciendi
2225 1438 2378 1473 causa.

127 1497 216 1541 Sed
246 1503 354 1542 tunc
384 1498 471 1542 hoc
502 1498 700 1542 nondum
733 1499 1090 1555 observaveram,
1123 1504 1338 1549 cavitates
1371 1517 1470 1547 esse
1502 1502 1549 1546 in
1578 1498 1833 1554 maculosiS,
1866 1508 1958 1540 non
1988 1494 2166 1539 lucidis.

299 1564 342 1611 9.
374 1565 450 1609 Sol
471 1565 615 1608 hostis
637 1565 726 1610 illis
748 1566 1023 1612 certissimus
1046 1574 1092 1613 et
1123 1567 1445 1622 ἀναμφιλεκτος.
1492 1568 1565 1613 Sic
1588 1569 1643 1613 de
1662 1567 1749 1611 hac
1770 1578 1819 1609 re
1841 1563 2003 1619 scripsi
2022 1561 2352 1608 Dissertatione
2373 1577 2382 1604 :

129 1643 260 1688 „cum
290 1630 406 1675 diem
436 1631 637 1676 habeant
672 1634 721 1678 15
753 1640 935 1678 nostros
969 1634 1063 1679 dies
1103 1634 1283 1689 longam
1323 1642 1567 1690 aestusque
1606 1632 1804 1678 sentiant
1843 1628 2148 1675 intolerabiles
2193 1632 2238 1672 et
2266 1626 2383 1671 forte

126 1701 311 1741 careant
339 1696 565 1754 lapidibus
597 1697 653 1742 ad
684 1699 957 1745 munitiones
993 1705 1152 1745 contra
1183 1699 1333 1744 Solem
1374 1701 1632 1756 erigendas,
1675 1705 1722 1743 at
1763 1703 1920 1743 contra
1961 1696 2136 1753 glebam
2176 1694 2384 1739 fortassis

126 1762 326 1807 habeant
355 1763 402 1806 in
434 1763 615 1808 modum
648 1764 835 1821 argillae
866 1772 1049 1810 nostrae
1081 1772 1306 1811 tenacem:
1337 1767 1455 1811 hanc
1486 1766 1623 1822 igitur
1643 1765 1732 1810 illis
1755 1762 2024 1810 aedificandi
2044 1761 2264 1806 rationem
2295 1760 2386 1804 usi-

125 1835 267 1874 tatam
301 1842 423 1888 esse,
457 1836 507 1874 ut
539 1844 722 1887 campos
753 1832 959 1888 ingentes
991 1832 1269 1889 deprimant,
1301 1838 1422 1877 terra
1454 1832 1621 1877 circulo
1654 1839 1810 1890 egesta
1840 1837 1884 1876 et
1917 1829 2211 1884 circumfusa,
2241 1833 2292 1872 ut
2323 1827 2387 1872 ita

126 1899 174 1942 in
203 1894 432 1951 profundo
477 1902 583 1953 post
611 1897 811 1942 tumulos
844 1903 1024 1953 egestos
1063 1900 1108 1944 in
1140 1899 1299 1945 umbra
1335 1899 1508 1945 lateant
1538 1899 1751 1954 intusque
1782 1896 1839 1941 ad
1870 1899 2041 1940 motum
2074 1893 2191 1938 Solis
2226 1898 2270 1937 et
2298 1892 2387 1948 ipsi

127 1961 527 2006 circumambulent
564 1963 769 2007 umbram
810 1970 1149 2021 consectantes;
1194 1973 1333 2022 atque
1375 1966 1490 2011 haec
1519 1966 1578 2010 sit
1607 1966 1698 2010 illis
1737 1961 1876 2007 veluti
1918 1960 2090 2017 species
2123 1958 2251 2003 urbis
2282 1956 2385 2002 sub-

48 2024 52 2025 ’
127 2033 379 2083 terraneae,
412 2027 586 2082 domus,
621 2028 867 2084 speluncae
889 2030 1198 2084 creberrimae,
1229 2031 1275 2074 in
1297 2031 1571 2087 crepidinem
1601 2031 1722 2076 illam
1755 2028 2019 2078 circularem
2050 2026 2240 2083 incisae3
2280 2037 2388 2081 ager

128 2098 174 2137 ct
202 2105 373 2149 pascua
401 2093 447 2136 in
478 2093 647 2151 medio,
693 2100 742 2138 ut
774 2095 924 2140 Solem
956 2096 1184 2152 fugientes
1218 2109 1245 2139 a
1273 2097 1470 2152 praediis
1504 2103 1653 2140 tamen
1684 2108 1775 2139 non
1806 2093 1984 2149 longius
2016 2096 2235 2146 cogantur
2264 2101 2387 2134 rece-

128 2160 271 2204 dere.“
334 2159 460 2204 Haeo
491 2173 574 2216 ego
600 2161 697 2215 jam
726 2166 824 2206 tum
854 2163 918 2208 sic
949 2163 1116 2219 censui,
1149 2162 1349 2207 nondum
1379 2164 1466 2208 hoc
1497 2163 1692 2217 detecto,
1725 2160 1844 2217 quod
1878 2159 2017 2204 colles
2050 2161 2297 2213 exsurgant
2327 2169 2387 2201 ex

127 2224 418 2281 caritatibus,
461 2226 608 2271 medio
638 2226 850 2273 umbilico
884 2229 1121 2285 depreSSO,
1165 2228 1378 2286 quodque
1420 2229 1589 2274 vallum
1636 2227 1974 2284 circumiectum
2018 2226 2076 2270 sit
2118 2222 2387 2270 cavitatibus

126 2290 354 2335 nonnullis
393 2292 606 2337 exterius.
667 2293 989 2339 Ratiocinabar
1017 2294 1156 2350 enim,
1198 2294 1376 2339 facilius
1405 2294 1509 2338 illos
1549 2293 1735 2339 umbrae
1766 2293 1970 2350 prolixae
2008 2291 2107 2336 fieri
2138 2295 2386 2347 compotes,

127 2357 164 2402 si
194 2371 286 2401 non
320 2356 538 2404 effodiant
567 2365 743 2404 tanturn
774 2361 1004 2413 lacunam,
1044 2361 1124 2405 sed
1156 2366 1356 2415 egestam
1389 2359 1524 2404 etiam
1557 2365 1714 2403 contra
1746 2357 1895 2403 Solem
1928 2356 2214 2402 accumulent
2243 2353 2387 2399 forin-

129 2436 276 2468 secae.
338 2423 470 2479 Quod
499 2423 589 2469 illis
622 2425 879 2471 faciendum
912 2426 1044 2472 rebar
1076 2441 1132 2471 ex
1162 2441 1299 2472 causa
1329 2426 1416 2472 hac
1447 2426 1601 2471 nescio
1634 2438 1769 2481 quam
1800 2429 1935 2475 certa,
1968 2422 2014 2466 id
2045 2422 2108 2466 ita
2137 2421 2235 2465 fieri
2266 2432 2387 2464 nunc

129 2488 246 2533 oculi
275 2494 504 2534 testantur
533 2496 579 2534 et
609 2491 814 2548 dioptra:
861 2500 1020 2538 contra
1053 2494 1284 2546 Solemne,
1318 2493 1440 2550 quod
1470 2498 1623 2539 monet
1652 2492 1768 2536 haec
1799 2503 1917 2534 num.
1954 2489 1994 2545 9,
2027 2501 2084 2532 an
2117 2493 2276 2532 contra
2306 2485 2387 2528 hu-

126 2567 308 2611 morem,
339 2555 460 2612 quod
492 2556 616 2612 prior
646 2557 686 2614 8,
720 2571 836 2603 anne
870 2566 1026 2606 contra
1058 2567 1312 2617 utrumque,
1345 2561 1389 2603 in
1422 2559 1570 2604 medio
1602 2555 1876 2615 ponendum.

302 2622 369 2666 10.
401 2622 519 2665 Dato
552 2622 689 2666 semel
721 2623 849 2669 initio
884 2625 1234 2682 comparationis
1256 2628 1375 2670 inter
1397 2632 1568 2681 gentes,
1599 2624 1804 2668 lunarem
1838 2628 1882 2666 et
1913 2626 2190 2679 terrestrem,
2218 2620 2312 2678 Jam
2337 2618 2392 2665 de

126 2684 347 2731 similibus
376 2687 495 2732 idem
527 2694 596 2733 est
620 2688 855 2744 judicium.
919 2691 1029 2735 Cum
1061 2692 1316 2736 maculosas
1348 2692 1508 2735 Lunae
1540 2695 1692 2747 partes
1736 2690 1968 2734 videamus
2002 2689 2173 2744 cultas,
2217 2686 2391 2743 asperis

127 2758 173 2798 et
201 2754 420 2797 montosis
454 2754 754 2811 circumjectis
785 2757 1083 2803 attribuemus
1121 2758 1239 2802 feras
1273 2763 1318 2801 et
1357 2757 1570 2802 barbaras
1611 2757 1840 2801 latronum
1880 2756 2103 2800 cohortes.
2165 2753 2225 2797 Hi
2256 2758 2391 2798 sunto

126 2819 284 2864 hostes
315 2820 567 2875 cultiorum,
601 2835 714 2878 qnos
747 2830 905 2867 contra
935 2822 1001 2866 illi
1032 2823 1306 2867 munitiones
1339 2837 1443 2867 suas
1479 2824 1666 2880 erigant.
1716 2822 1804 2867 Sed
1835 2822 1957 2867 refer
1990 2822 2080 2866 huc
2110 2820 2389 2876 experimen-

126 2892 221 2931 tum
252 2885 308 2930 ad
339 2886 547 2942 XXXIV,
582 2889 704 2944 quod
736 2889 861 2934 nulla
892 2889 982 2933 alia
1011 2890 1095 2946 via,
1130 2889 1215 2934 nisi
1248 2895 1299 2933 ut
1329 2889 1387 2933 sit
1417 2890 1607 2934 munitio
1642 2896 1800 2935 contra
1831 2889 2127 2946 irruptionem
2158 2887 2382 2942 hostilem,

129 2957 282 3007 potest
313 2952 543 3009 explicari.

303 3019 371 3063 11.
405 3019 631 3081 Cavitaqs
670 3019 840 3065 habent
877 3021 1065 3066 formam
1097 3021 1266 3067 circuli.
1330 3022 1536 3067 Circulus
1569 3034 1624 3065 ex
1656 3027 1809 3068 centro
1854 3021 2136 3067 describitur.
2198 3020 2390 3074 Oportet

127 3083 263 3140 igitur
307 3097 407 3129 esse
453 3091 500 3130 et
537 3087 830 3144 conspicuum
872 3093 917 3132 et
961 3089 1112 3144 aliqua
1154 3102 1202 3133 re
1250 3089 1306 3134 ad
1349 3087 1563 3133 metanda
1610 3088 1998 3133 circumferentiae
2045 3084 2282 3130 intervalla
2324 3083 2389 3127 in-

129 3154 363 3195 structum.
670 3180 672 3182 -

305 3215 367 3259 12.
398 3215 627 3259 Inter-valli
658 3222 750 3261 tam
782 3218 902 3273 longi
936 3220 1188 3275 aequalitas
1222 3220 1307 3263 nisi
1338 3220 1538 3264 funiculo
1571 3220 1728 3276 nequit
1761 3217 1965 3262 obtineri.

306 3282 368 3324 13.
402 3281 517 3337 Quia
547 3283 790 3328 cavitatum
822 3284 1028 3329 diametri
1060 3273 1470 3342 sunt'inaequales.

306 3347 372 3392 14.
407 3348 517 3392 Cum
548 3349 896 3394 instrumentum
927 3363 1074 3394 meum
1107 3364 1197 3395 uno
1240 3351 1408 3395 intuitu
1439 3356 1622 3408 caperet
1657 3351 1721 3396 12¹
1753 3349 1808 3394 de
1842 3350 1911 3395 30‘
1943 3349 2125 3400 Lunae,
2172 3347 2390 3392 diameter

129 3427 234 3457 vero
266 3412 365 3468 ejus
390 3413 476 3459 400
497 3414 703 3459 milliaria
733 3413 987 3470 germanica
1019 3416 1078 3459 sit
1107 3415 1255 3472 longa,
1288 3417 1634 3462 instrumentum
1657 3415 1794 3472 igitur
1815 3428 1961 3459 meum
1984 3413 2162 3459 circiter
2188 3413 2271 3460 160
2292 3414 2387 3459 mil-

127 3478 257 3524 liaria
287 3478 420 3534 cepit.
482 3479 569 3523 Est
601 3493 707 3524 vero
740 3480 956 3524 diameter
986 3480 1125 3536 huJus
1156 3481 1359 3526 maculae
1391 3482 1568 3526 circiter
1593 3482 1683 3526 10³²
1714 3494 1818 3538 pars
1851 3480 1906 3524 de
1938 3480 2189 3537 capacitate
2222 3482 2387 3527 instru-

130 3544 283 3599 menti,
315 3551 443 3600 patet
471 3544 608 3601 igitur
639 3546 682 3589 in
720 3546 773 3591 10
804 3545 1011 3590 milliaria
1040 3547 1308 3601 germanica,
1343 3560 1449 3605 ergo
1483 3546 1812 3592 semidiameter
1843 3545 1887 3589 in
1918 3547 1960 3591 5.
2067 3551 2072 3557 '

304 3610 370 3653 15.
403 3608 630 3653 Circulum
671 3609 1002 3656 semidiametro
1036 3614 1060 3655 5
1093 3612 1348 3657 milliarium
1380 3614 1593 3658 continuo
1625 3617 1773 3657 tractu
1806 3612 1938 3657 unius
1982 3613 2110 3669 pedis
2141 3613 2186 3658 in
2218 3613 2385 3659 circino

131 3687 187 3719 ne
215 3675 383 3720 dixeris
427 3674 618 3720 describi
663 3688 819 3732 posse,
861 3677 947 3722 nisi
986 3676 1239 3735 descriptor
1276 3678 1374 3735 ipse
1417 3678 1572 3734 viginti
1611 3677 1840 3723 minimum
1886 3677 2092 3722 milliaria
2131 3678 2293 3736 longus
2337 3680 2382 3723 in

130 3749 310 3798 promtu
340 3741 415 3787 sit.

309 3807 374 3852 16.
409 3808 470 3851 At
499 3820 582 3852 nec
613 3807 774 3854 unicus
816 3807 1044 3853 funiculus
1083 3805 1273 3864 sufficit,
1315 3812 1365 3851 ut
1408 3808 1504 3864 ejus
1539 3825 1564 3853 a
1596 3808 1701 3865 palo
1741 3810 1847 3854 nexi
1887 3810 2148 3856 extremitas
2190 3811 2386 3856 exterior

86 3895 89 3897 ·
133 3870 514 3921 circumducatur:
554 3871 725 3918 defluet
763 3873 882 3919 enim
924 3871 1152 3920 funiculus
1181 3871 1383 3932 pondere
1413 3887 1494 3920 suo
1524 3875 1571 3922 in
1600 3880 1766 3922 terram
1795 3875 2087 3936 haerebitque
2118 3876 2162 3924 in
2195 3876 2383 3925 collibus
