2652 4088
350 227 455 284 338
950 223 1236 271 Collectanea
1267 236 1325 269 ex
1352 223 1580 272 codicibus
1610 224 1999 273 Pulkoviensibus.

520 373 671 423 Haltc
710 373 815 423 also
856 373 942 423 das
983 373 1071 422 das
1097 373 1400 436 Vngarische
1426 374 1606 425 Wesen
1645 376 1805 425 werde
1845 375 2192 424 accommodirt
2216 375 2317 424 vnd
2353 377 2595 441 hingegen

348 449 424 496 ein
463 460 658 509 grossas
695 447 799 495 feiir
837 461 1005 509 wegen
1043 446 1126 495 der
1152 447 1303 496 Wahl
1342 449 1475 497 eines
1501 449 1796 498 Romischen
1822 449 2013 512 K‘onigs
2052 450 2101 496 in
2128 449 2459 499 Teutschland
2484 452 2595 499 auf-

344 518 578 582 geblasen
617 520 827 569 werden.
903 520 1050 568 Dann
1088 534 1216 568 anno
1262 525 1396 569 1613
1438 523 1504 569 im
1541 521 1720 571 Martio
1769 522 1938 583 begibt
1975 521 2079 570 sich
2118 521 2196 570 die
2243 523 2386 571 dritte
2426 522 2596 586 Oppo-

343 594 455 640 sitio
495 595 721 653 maxima,
762 607 817 641 so
857 593 984 641 auch
1021 592 1447 642 noch-Matthiam
1486 595 1585 643 vnd
1623 593 1984 643 Ferdinandum
2022 594 2215 643 zimlich
2251 595 2456 656 betrifft‚
2504 598 2595 644 wie

343 665 468 713 auch
508 665 600 715 den
638 666 803 728 Konig
839 667 888 712 in
927 666 1248 726 Frankreich,
1301 666 1389 715 das
1427 681 1478 716 es
1518 666 1781 729 allerdings
1821 667 1907 715 das
1946 666 2162 716 ansehen
2197 667 2328 728 hatt,
2378 667 2451 716 als
2489 684 2595 716 wan

342 737 527 800 Spania
577 741 627 786 in
666 738 996 787 Teutschland
1037 740 1274 787 einnisten
1323 738 1424 787 vnd
1462 740 1757 789 Ferdinandi
1805 739 1954 788 linien
1990 755 2101 788 zum
2140 740 2382 803 beystand
2419 741 2595 801 haben,

341 809 578 860 Matthias
616 812 733 860 aber
770 814 858 859 mit
896 811 1037 858 Hiilff
1071 811 1154 860 der
1183 812 1386 860 Vnirten
1427 812 1612 874 stende,
1655 813 1753 860 vnd
1794 812 1870 860 die
1899 812 2069 861 Vnirte
2106 815 2194 860 mit
2231 813 2359 861 hiilff
2378 814 2596 862 Franck-

342 885 475 933 reich
515 884 631 933 oder
671 885 754 932 der
780 885 1079 946 Huganoten
1120 884 1335 946 drinnen‚
1377 885 1629 934 sollichem
1669 885 1902 934 einbruch
1941 886 2193 948 begegnen
2218 887 2378 936 werde
2406 886 2614 937 wollen.
2647 891 2652 910 ’··

515 958 710 1005 Entlich
750 957 954 1020 khompt
994 957 1070 1005 die
1109 960 1263 1006 vierte
1302 958 1401 1006 vnd
1439 958 1586 1007 letzte
1627 960 1872 1022 oppositio
1898 961 2109 1006 maxima
2148 967 2196 1008 et
2234 974 2347 1008 vere
2384 961 2596 1008 omnium
2649 991 2652 995 -

339 1032 552 1079 maxima
592 1046 705 1079 vom
746 1036 828 1079 24.
873 1032 1083 1092 Augusti
1133 1031 1236 1078 biss
1277 1036 1362 1079 30.
1402 1031 1702 1095 Septembris
1751 1031 1834 1079 des
1878 1037 2031 1080 1613.
2072 1031 2245 1092 Jahrs,
2301 1033 2377 1080 die
2418 1028 2596 1082 betrifl‘t
2641 1029 2652 1065 ¹

339 1103 602 1165 aigentlich
640 1104 977 1164 Franckreich,
1021 1104 1115 1151 dan
1154 1105 1224 1151 sie
1262 1103 1370 1152 fallt
1409 1103 1741 1166 demselbigen
1779 1103 1945 1167 Konig
1982 1106 2031 1151 in
2069 1105 2229 1153 locum
2271 1105 2429 1167 Solis,
2470 1106 2594 1155 auch

338 1177 445 1225 hatt
483 1176 819 1225 Ferdinandus
861 1176 1166 1239 dergleichen
1206 1179 1254 1222 in
1294 1178 1451 1225 seiner
1484 1178 1727 1225 Nativitet
1763 1177 1974 1240 gehabt;
2014 1177 2113 1226 vnd
2151 1178 2423 1240 geschehen
2466 1179 2594 1228 diese

337 1250 744 1313 configurationes
786 1250 869 1298 der
908 1248 1020 1297 drei'
1047 1249 1283 1298 hochsten
1318 1249 1568 1313 planeten‚
1609 1252 1705 1298 imo
1746 1251 1960 1298 omnium
1998 1250 2321 1315 planetarum,
2361 1253 2407 1298 in
2448 1253 2593 1317 ipsis-

336 1324 472 1371 simis
511 1325 702 1387 punctis
741 1322 1068 1372 cardinalibus
1109 1322 1556 1385 Aequinoctiorum.
1632 1323 1712 1371 Da
1752 1325 1875 1370 wiirt
1913 1338 2025 1372 man
2058 1323 2275 1373 Wunder
2313 1324 2464 1373 hiiren
2503 1327 2593 1374 wie

336 1396 412 1445 die
451 1396 702 1458 Astrologi
740 1411 794 1444 so
833 1396 1216 1458 grosswiichtige
1256 1395 1435 1444 sachen
1473 1396 1654 1444 hievon
1693 1396 1945 1445 schreiben
1986 1397 2194 1458 werden,
2236 1397 2323 1445 das
2365 1413 2415 1447 es
2453 1402 2592 1447 niim-

334 1468 432 1519 lich
474 1472 548 1519 ein
589 1469 862 1532 algemaine
901 1469 1393 1532 hauptverenderung
1443 1470 1599 1532 geben
1639 1469 1799 1517 werde
1841 1468 1923 1517 der
1973 1477 2183 1532 gantzen
2224 1470 2589 1520 Christenhaitt.
2648 1480 2652 1484 '

331 1542 398 1591 Es
437 1543 653 1606 mangelt
704 1542 812 1591 dem
850 1542 1017 1604 Konig
1067 1543 1115 1588 in
1154 1542 1448 1590 Frankreich
1502 1557 1592 1589 nur
1646 1558 1724 1590 am
1779 1541 1928 1602 alter,
1985 1550 2121 1591 sonst
2172 1543 2337 1592 mocht
2386 1544 2464 1593 ich
2502 1559 2591 1607 ge·
2631 1485 2652 1651 1

333 1615 600 1676 denckhen‚
643 1615 974 1664 Teutschland
1015 1615 1112 1663 vnd
1153 1614 1447 1663 Frankreich
1474 1615 1671 1664 wiirden
1701 1614 1851 1663 vnder
1890 1617 1967 1664 ein
1992 1616 2163 1680 haupt,
2202 1616 2414 1667 namlich
2443 1618 2592 1667 vnder

332 1688 468 1737 disen
508 1689 810 1737 Ludovicum
851 1688 994 1743 XIII.
1045 1688 1328 1747 khommen,
1383 1688 1482 1736 vud
1531 1687 1696 1736 wiirde
1751 1688 1977 1737 hieriiber
2026 1691 2103 1738 ein
2154 1704 2346 1751 grosser
2386 1690 2493 1753 Zug
2542 1693 2591 1740 in

329 1761 523 1811 Italiam
563 1761 837 1825 geschehen
879 1761 976 1808 vnd
1018 1763 1096 1810 ein
1136 1761 1359 1810 starckhe
1398 1761 1712 1810 reformation
1763 1761 1848 1810 des
1887 1761 2182 1811 Romischen
2234 1762 2386 1813 stuels
2425 1765 2590 1828 fiirge-
2639 1797 2644 1807 .

329 1849 558 1883 nommen
601 1834 806 1884 wer.den

503 1907 843 1956 Ferdinandus
882 1907 988 1955 hatt
1027 1907 1155 1955 diser
1194 1907 1323 1955 Zeitt
1358 1906 1538 1955 khaine
1578 1907 2043 1971 hauptdirectiones,
2086 1909 2204 1957 aber
2243 1923 2341 1958 von
2377 1909 2591 1960 Matthia

327 1980 539 2029 schreibt
579 1983 657 2030 ein
698 1980 974 2029 beriimbter
1012 1980 1331 2043 Astrologus‚
1375 1979 1462 2028 das
1502 1980 1566 2027 Er
1604 1979 1737 2029 diese
1776 1981 1907 2029 Zeitt
1944 1980 2042 2029 hab
2083 1981 2398 2031 directionem
2435 1982 2567 2032 Med'

329 2053 467 2103 Coeli
494 2054 555 2104 ad
581 2069 755 2118 corpus
782 2053 969 2114 Martis,
999 2052 1214 2102 Orientis
1242 2052 1305 2101 ad
1333 2067 1507 2118 corpus
1533 2052 1694 2116 Jovis,
1712 2052 1800 2104 das
1826 2053 2018 2104 mochte
2039 2054 2141 2104 Ime
2161 2054 2342 2118 gliickh
2360 2055 2569 2121 bringeri
2510 1985 2652 2251 Ἴ,

645 2321 928 2369 Nativitas
966 2321 1332 2378 Imperatoris
1368 2321 1680 2379 Rudolphj.
1738 2321 1924 2378 (Scripta
1964 2335 2072 2363 anno
2109 2321 2259 2377 1602.)

498 2419 747 2484 Quicquid
785 2424 834 2469 in
874 2423 1170 2470 astronomia
1208 2423 1471 2484 sequimur,
1512 2421 1561 2469 id
1599 2427 1684 2469 aut
1724 2423 1910 2470 ratione
1948 2426 2034 2469 aut
2073 2421 2372 2484 experientia
2410 2419 2598 2470 confir·
2622 2475 2623 2478 Ἴ

328 2498 512 2542 matum
551 2509 658 2543 esse
698 2501 904 2558 oportet.
970 2495 1250 2544 Auctoritas
1289 2497 1417 2543 enim
1457 2494 1580 2544 nihil
1608 2495 1755 2557 valet,
1796 2509 1906 2544 cum
1944 2499 2115 2542 auctor
2153 2494 2228 2541 his
2267 2492 2438 2542 mediis
2478 2495 2581 2557 ipse
2614 2540 2617 2545 ,

325 2566 615 2617 destituitur.
680 2570 746 2616 At
784 2574 856 2617 tot
894 2567 1039 2617 simul
1067 2583 1257 2629 causas,
1297 2576 1416 2630 puta
1444 2568 1750 2628 directiones,
1788 2566 2138 2627 revolutiones,
2178 2568 2426 2628 transitus,
2466 2575 2613 2630 pro-'-

320 2639 555 2689 sectiones
595 2656 806 2700 annum,
847 2648 1133 2701 menstruas,
1175 2641 1370 2689 diurnas
1411 2648 1503 2690 etc.
1544 2641 1845 2704 impossibile
1884 2646 1958 2690 est
1996 2639 2076 2689 vel
2114 2653 2329 2702 unquam
2367 2654 2454 2703 per
2492 2655 2580 2690 ex·

319 2715 605 2776 perientiam
645 2716 933 2763 constitutas
973 2729 1105 2774 esse,
1149 2714 1227 2763 vel
1267 2714 1411 2763 hodie
1450 2729 1536 2776 per
1575 2730 1683 2764 eam
1721 2714 1918 2777 probari
1957 2718 2004 2762 et
2041 2715 2322 2762 examinari.
2374 2713 2499 2762 Nam
2535 2714 2577 2761 si
2596 2737 2610 2778 g
2650 2750 2652 2775 2

321 2799 488 2835 omnes
525 2787 618 2836 hae
658 2802 834 2836 causae
874 2790 1190 2848 misceantur,
1232 2787 1392 2835 nullus
1433 2794 1505 2836 est
1544 2786 1670 2848 dies,
1712 2788 1760 2834 in
1801 2801 1898 2849 quo
1937 2800 2034 2834 non
2072 2785 2205 2836 laeta
2243 2786 2387 2835 simul
2428 2782 2628 2850 atque}

319 2860 532 2908 infausta
570 2861 710 2923 signa
749 2867 1018 2910 occurrant.
2599 2863 2639 2927 Γ,

491 2933 666 2996 Itaque
705 2933 840 2981 nulla
877 2934 994 2980 mihi
1033 2933 1202 2995 religio
1243 2939 1340 2993 est,
1381 2933 1580 2995 rejicere
1619 2947 1675 2981 ex
1715 2938 1851 2981 tanto
1891 2931 2085 2982 cumulo
2126 2947 2186 2983 ea
2223 2933 2392 2995 signa,
2442 2938 2606 2995 quaes

317 3007 505 3056 ratione
541 3007 687 3070 plane
727 3006 876 3067 nulla,
915 3008 1006 3054 nisi
1046 3006 1219 3068 puerili
1258 3012 1306 3054 et
1342 3005 1470 3053 futili
1507 3007 1740 3054 nituntur.
1814 3005 1926 3054 Hoc
1963 3005 2108 3055 modo
2155 3005 2335 3054 cadunt
2371 3006 2564 3068 profcc-
2598 3014 2605 3035 ‘-

318 3079 476 3128 tiones
518 3095 700 3141 omneS,
742 3079 1061 3128 directionum
1101 3093 1214 3141 pars
1254 3078 1471 3143 dimidia,
1510 3078 1743 3141 pleraque
1784 3079 2029 3140 domuum,
2071 3078 2444 3138 exaltationum,
2485 3070 2595 3127 tri-³

317 3151 618 3216 plicitatum,
671 3154 986 3203 terminorum
1027 3159 1075 3202 et
1112 3152 1342 3202 facierum
1380 3152 1755 3216 perplexitates;
1803 3159 1989 3203 restant
2036 3166 2196 3215 pauca
2235 3158 2284 3201 et
2321 3151 2587 3215 exploratur
2628 3173 2630 3195 ÷

315 3229 471 3292 magis
510 3227 688 3276 facilia.

490 3302 564 3349 Ex
601 3302 660 3349 iis
698 3301 847 3363 igitur
895 3299 1062 3363 aliqua
1107 3299 1396 3348 manifestae
1444 3313 1622 3348 causae
1671 3299 1905 3347 rationem
1943 3298 2127 3348 habent
2175 3298 2468 3358 confessam,
2516 3298 2583 3354 ut*

316 3375 510 3436 genesis
550 3377 657 3437 ipsa
695 3389 783 3423 seu
820 3372 958 3421 radix
998 3379 1046 3422 et
1082 3376 1132 3421 in
1171 3388 1230 3422 ea
1267 3372 1572 3436 planetarum
1618 3371 1902 3421 altitudines
1939 3386 2026 3434 per
2069 3370 2324 3420 zodiacum
2363 3379 2413 3421 et
2450 3383 2567 3429 con-5
2619 3415 2621 3419 .

312 3447 588 3508 junctiones
629 3462 735 3495 cum
776 3446 917 3495 claris
955 3446 1079 3497 fixis.
1144 3445 1459 3508 Quorundam
1486 3447 1699 3494 rationes
1738 3445 1973 3494 hactenus
2010 3445 2256 3494 latuerunt
2292 3446 2340 3492 in
2366 3444 2586 3508 prosum(

318 3519 516 3569 (lissima
553 3527 756 3568 naturae
796 3519 1234 3582 contemplatione,
1286 3525 1400 3568 sunt
1445 3525 1606 3568 tamen
1648 3520 1946 3568 certissimae
1985 3524 2034 3566 et
2071 3533 2101 3566 a
2138 3532 2238 3579 me,
2288 3519 2362 3566 uti
2408 3529 2562 3586 spero,
2614 3539 2615 3552 2

315 3593 364 3638 in
404 3600 624 3656 apertum
661 3593 896 3655 prolatae,
937 3600 990 3641 ut
1028 3595 1075 3654 ii,
1118 3608 1240 3655 quos
1280 3607 1512 3642 vocamus
1554 3588 1867 3658 „aspectus“.
1920 3590 2188 3653 Quaedam
2226 3591 2269 3639 si
2306 3605 2404 3639 non
2443 3601 2561 3645 caur-

315 3678 417 3714 sam
455 3666 638 3715 habent
677 3668 934 3727 cognitam,
974 3666 1172 3714 modum
1212 3674 1373 3715 tamen
1400 3672 1448 3714 et
1474 3665 1750 3726 analogiam
1790 3679 1969 3714 causae
1995 3669 2280 3727 sequuntur,
2319 3664 2404 3712 nbi
2437 3673 2560 3724 quo·
2608 3666 2609 3678 ³

314 3738 431 3787 tidie
471 3742 624 3802 magis
662 3741 914 3802 magisque
954 3742 1121 3799 enitor,
1163 3747 1217 3787 ut
1256 3747 1302 3787 et
1340 3738 1449 3787 illas
1488 3753 1662 3788 causas
1699 3738 1950 3801 illustrem,
1990 3736 2266 3801 cujusmodi
2290 3742 2405 3786 sunt
2427 3741 2559 3784 tran-

314 3811 434 3858 situs
473 3818 520 3859 et
559 3813 848 3861 directiones
886 3817 935 3860 et
973 3812 1319 3860 revolutiones
2541 3833 2544 3838 ·

485 3883 673 3933 Etenim
712 3886 762 3932 in
783 3883 892 3933 hoc
930 3885 1153 3933 differunt
1192 3885 1495 3946 directiones,
1537 3899 1659 3947 quas
1696 3887 1899 3944 retineo,
1938 3882 2374 3949 aprofectionibus
2411 3889 2556 3944 sum

312 3954 530 4019 rejectiS,
582 3956 715 4019 quod
751 3958 843 4006 etsi
878 3962 1052 4007 neutra
1087 3962 1163 4010 est
1199 3963 1254 4007 ut
1288 3973 1438 4010 causa
1474 3972 1674 4008 suorum
1712 3964 2000 4022 eventuum,
2032 3958 2379 4027 profectionis
2375 3959 2554 4009 &amm
