2652 4088
158 99 160 101 >
246 126 355 185 342
839 120 1127 170 Collectanea
1155 133 1213 166 ex
1243 120 1473 167 codicibus
1502 120 1890 169 Pulkoviensibus

245 278 361 337 vim,
400 288 489 323 nec
526 270 759 322 excedere
795 270 1091 319 naturalium
1130 283 1384 319 causarum
1424 270 1654 332 ordinem,
1696 272 1872 334 quibus
1901 274 2034 321 varie
2074 272 2294 334 derogari
2316 278 2493 336 potest.

249 349 408 412 Quare
434 351 604 394 neutra
630 346 681 391 in
707 350 845 407 parte
870 343 1122 406 impedior,
1162 357 1259 405 quo
1283 344 1445 391 minus
1469 343 1592 393 haec
1617 347 1776 393 minus
1814 351 1955 407 grata
1993 345 2272 409 adjungam,
2311 348 2354 393 si
2378 347 2506 409 quid>

246 423 367 471 forte
405 419 584 482 prosim
625 419 744 466 meis
783 415 1197 465 admonitionibus
1236 414 1300 463 ad
1340 415 1552 465 diaetam
1588 418 1863 467 tenendam.

388 492 567 539 ,Anno
611 493 765 539 1605.
807 494 890 538 21.
930 489 1095 538 Martii
1149 488 1397 537 catarrhus
1447 489 1708 540 vehemens
1757 491 1845 538 erit
1899 504 1959 539 ex
1985 491 2045 550 l]
2079 485 2137 557 Ἡ.
2168 495 2216 539 et
2256 497 2326 551 ὅ,
2365 490 2496 542 Jove

244 567 293 612 in
330 564 602 626 horoscopo
642 568 880 612 versante.
931 562 988 610 In
1027 561 1120 609 fine
1158 560 1282 609 Julii
1322 561 1471 624 hujus
1507 566 1620 611 anni
1664 564 1724 625 Q)
1760 569 1806 611 et
1848 569 1885 620 <f
1929 562 2090 611 locum
2127 563 2297 612 Lunae
2334 565 2497 626 ingre-

246 638 457 689 diuntur.
532 637 860 698 Intemperata
901 636 990 684 erit
1028 639 1189 683 aestas
1227 639 1275 683 et
1311 634 1433 683 forte
1473 641 1628 685 terrae
1667 641 1843 685 motus,
1917 635 2152 698 Magnam
2191 638 2289 683 vim
2327 637 2498 685 inferet

246 711 440 760 cerebro
479 709 602 758 haec
641 709 940 758 constitutio,
1015 708 1074 755 In
1112 707 1255 756 rebus
1293 707 1518 769 gerendis
1555 708 1763 758 felicitas
1809 709 2088 757 intercedet.
2165 708 2302 757 Julio
2350 705 2408 775 Ἡ.
2452 715 2499 758 et

261 791 297 841 (ς
343 788 655 846 opponuntur
690 784 740 829 in
779 787 886 830 ortu
925 786 973 830 et
1012 795 1214 830 occasu:
1267 780 1317 828 id
1354 780 1581 829 humores
1631 783 1803 830 iterum
1842 780 2054 843 ‘augebit
2094 787 2142 830 et
2189 788 2384 845 propter
2420 783 2497 828 in-

244 858 600 906 flammationes
639 855 703 903 ad
741 855 990 904 cerebrum
1028 853 1254 902 attrahet.
1331 853 1593 902 Revolutio
1643 860 1758 902 tunc
1797 856 2031 917 incipiens
2071 855 2118 901 in
2159 854 2287 903 hunc
2325 869 2499 916 aspec-

244 936 347 978 tum
385 929 553 978 incidit
590 934 790 990 totaque
831 930 931 976 vim
971 928 1183 989 concipit
1221 941 1280 974 ex
1318 926 1418 975 illo.
1484 925 1715 989 Magnam
1755 928 1804 974 in
1843 929 1988 977 rebus
2027 928 2250 989 gerendis
2289 928 2498 977 felicita-

244 1008 341 1052 tem
379 1002 652 1065 pollicetur.
729 1001 824 1049 Die
870 1006 949 1050 12.
992 999 1100 1050 Oct.
1143 999 1336 1062 eclipsis
1363 997 1432 1065 Ε)
1471 1000 1674 1060 accidet,
1715 1001 1854 1063 cujus
1892 1000 2107 1050 medium
2145 1015 2202 1049 eo
2242 1003 2350 1063 ipso
2390 1015 2497 1048 mo-

243 1080 423 1136 meum,
466 1090 561 1138 quo
602 1076 751 1123 oritur
791 1071 885 1122 23⁰
910 1074 993 1138 ἦ,
1034 1079 1082 1122 et
1119 1074 1227 1135 ipsa
1264 1074 1312 1119 in
1353 1073 1506 1135 gradu
1532 1072 1734 1131 zodiaci,
1777 1075 1861 1136 qui
1900 1074 1990 1122 fuit
2028 1073 2295 1122 altissimus
2333 1075 2381 1120 in
2409 1088 2497 1136 ge-

243 1150 348 1198 nesi
398 1154 512 1211 tua3
563 1148 807 1197 oriebatur
854 1153 1016 1195 autem
1063 1148 1112 1193 in
1151 1147 1320 1207 genesi
1371 1147 1499 1208 regis
1541 1145 1806 1197 Gallorum.
1885 1147 1926 1194 A
1966 1148 2085 1195 mari
2126 1146 2374 1195 Adriatico
2414 1162 2499 1209 per

243 1221 469 1271 Rhetiam
522 1227 571 1270 et
609 1219 867 1270 Helvetios
919 1226 966 1268 et
1006 1218 1196 1268 Gallias
1245 1234 1377 1268 mera
1426 1233 1522 1267 nox
1575 1220 1677 1267 erit.
1722 1247 1786 1255 -
1829 1218 1871 1267 O
1910 1220 2188 1268 luctuosum
2226 1219 2400 1268 Italiae
2452 1226 2500 1268 et

249 1295 541 1344 Germaniae
580 1300 628 1343 et
653 1292 847 1342 Galliae
886 1298 1081 1352 statum,
1124 1307 1267 1354 quem
1306 1294 1468 1355 signat
1505 1291 1629 1342 haec
1667 1292 1874 1355 eclipsis,
1914 1299 2111 1356 propter
2149 1293 2276 1341 hanc
2315 1307 2499 1356 cogna-

243 1370 423 1417 tionem
476 1368 669 1430 eclipsis
726 1381 835 1415 cum
871 1365 1200 1414 Romanorum
1240 1365 1538 1427 Imperatore
1587 1371 1635 1414 et
1685 1364 1938 1414 Gallorum
1988 1366 2137 1428 Rege.
2215 1366 2290 1414 Tu
2338 1373 2498 1414 tamen

245 1447 379 1491 actor
405 1442 499 1490 eris
526 1441 672 1502 hujus
698 1438 994 1501 tragoediae,
1039 1440 1154 1501 quia
1186 1434 1245 1506 Ἃ
1275 1439 1364 1486 tibi
1404 1445 1628 1486 versatur
1665 1440 1713 1485 in
1754 1440 1952 1498 oriente,
1991 1441 2040 1486 in
2082 1438 2319 1502 quadrato
2346 1439 2499 1501 eclip-

245 1516 328 1566 sis,
393 1513 445 1563 Si
484 1515 716 1562 moriatur
756 1511 944 1573 Gallus,
986 1512 1117 1574 quod
1157 1517 1206 1560 et
1245 1513 1442 1560 orientis
1468 1511 1530 1559 ad
1559 1513 1620 1572 [l
1645 1507 1681 1574 ἲ)
1727 1512 1925 1561 directio
1952 1512 2219 1573 confirmat,
2254 1514 2355 1576 Jam
2383 1526 2498 1575 pes-

243 1589 419 1636 simum
449 1601 544 1650 >pro
585 1585 750 1635 Gallia
788 1599 943 1644 omen,
983 1586 1155 1634 haeres
1194 1584 1367 1645 infanS‚
1409 1584 1596 1632 insidiis
1636 1586 1828 1636 obvius,

417 1659 560 1708 Anno
604 1664 757 1708 1606.
790 1664 872 1710 13,
900 1657 1014 1708 Jan.
1061 1662 1089 1708 ὃ
1118 1657 1344 1720 planetae
1384 1660 1662 1720 conspirant
1700 1657 1763 1707 ad
1802 1659 2050 1720 egregium
2088 1657 2272 1721 aliquid
2299 1663 2501 1720 patran-

245 1732 374 1792 dum,
415 1731 503 1781 sed
540 1734 696 1794 magis
736 1731 898 1780 adhuc
938 1731 1162 1793 affligunt
1201 1730 1547 1791 valetudinem,
1588 1746 1734 1794 quam
1773 1733 2022 1793 superiore
2062 1746 2204 1780 anno.
2267 1727 2304 1795 ῒ)
2334 1733 2380 1778 in
2408 1744 2501 1794 op-

243 1808 404 1870 posito
441 1801 511 1872 Q
552 1805 725 1868 affligit
764 1805 1039 1865 cerebrum,
1089 1807 1325 1851 incrassat
1367 1803 1608 1856 humores.
1678 1801 1735 1870 Ἡ,
1781 1819 1889 1852 cum
1933 1811 1969 1860 <s
2018 1807 2065 1851 in
2106 1806 2331 1868 opposito
2371 1804 2500 1853 Solis

242 1879 470 1928 humores
509 1884 672 1940 auget.
753 1884 791 1934 <s
822 1880 870 1924 in
910 1879 1162 1939 utriusque
1201 1877 1261 1936 [l
1302 1890 1418 1939 epar
1468 1883 1607 1925 aestu
1659 1877 1896 1938 incendit3
1950 1880 1997 1924 in
2039 1877 2131 1926 hoc
2170 1878 2433 1939 adjuvatur
2471 1893 2501 1925 a

243 1951 359 2001 Sole
397 1953 447 1999 in
484 1950 775 2013 horoscopo.
854 1950 1131 2013 Podagram
1170 1955 1362 2009 metu0,
1413 1951 1569 2012 magis
1607 1956 1768 1999 tamen
1808 1949 2143 2013 apoplexiam:
2195 1956 2366 2013 parata
2406 1952 2501 1998 siut

242 2024 458 2074 remedia
495 2025 698 2084 idonea,
737 2023 824 2072 sed
862 2025 1049 2073 interea
1088 2022 1184 2071 illis
1221 2038 1283 2072 ne
1320 2024 1488 2081 utaris,
1531 2037 1591 2072 ne
1630 2025 1895 2072 acrimonia
1932 2038 2023 2072 sua
2060 2024 2307 2072 cerebrum
2347 2024 2501 2086 magis

241 2096 440 2148 laedant
489 2103 537 2146 et
574 2112 634 2146 ne
672 2103 848 2145 natura
898 2097 992 2145 illis
1031 2102 1296 2145 assuescat.
1343 2124 1405 2132 —
1448 2096 1617 2146 Mense
1654 2096 1792 2145 Julio
1846 2098 2134 2159 principium
2180 2097 2500 2146 revolutionis

241 2185 430 2220 rursum
467 2170 617 2220 habet
656 2170 889 2219 afflictum
928 2169 1090 2219 locum
1120 2170 1300 2227 Lunae,
1343 2171 1423 2231 qui
1453 2169 1699 2219 cerebrum
1727 2170 1981 2232 significat,
2023 2185 2053 2218 a
2079 2170 2317 2230 Saturn0‚
2359 2175 2407 2219 et
2430 2165 2499 2235 Q

240 2247 348 2307 ipsa
387 2249 461 2294 est
499 2246 547 2291 in
590 2245 814 2307 opposito
860 2239 919 2310 Ἃ
965 2249 1012 2292 et
1040 2244 1099 2304 [l
1142 2250 1213 2299 (ς.
1290 2242 1561 2292 Turbarum
1600 2244 1900 2291 continuatio
1940 2243 2253 2305 significatur,
2294 2257 2401 2291 cum
2446 2250 2482 2298 0'

241 2323 290 2367 et
333 2313 392 2382 Ἡ
435 2318 610 2365 iterum
650 2316 1022 2379 configurentur.
1099 2315 1268 2365 Manet
1307 2315 1374 2364 ibi
1415 2312 1451 2380 Γ)
1491 2330 1647 2379 usque
1687 2318 1734 2363 in
1776 2315 2035 2365 Octobrem
2074 2318 2389 2365 stationarius
2428 2316 2501 2365 ei-

242 2405 336 2453 que
375 2391 424 2437 in
461 2390 556 2438 fine
597 2389 895 2453 Septembris
940 2389 1001 2451 G)
1044 2388 1299 2451 quadram,
1356 2395 1392 2445 (ς
1424 2403 1687 2451 congressu
1719 2390 2006 2451 junguntur.
2083 2389 2294 2438 Rursum
2333 2391 2500 2451 itaque

239 2467 437 2528 propter
487 2464 600 2512 anni
650 2477 844 2526 quoque
895 2469 1088 2525 tempus
1140 2461 1409 2526 periculum
1449 2478 1478 2511 a
1518 2462 1750 2512 catarrhis
1799 2463 2100 2512 suffocativis
2140 2469 2189 2512 et
2240 2476 2365 2526 quae
2405 2462 2502 2510 illis

245 2535 520 2586 cohaerent.

417 2608 560 2657 Anno
592 2610 727 2656 1607
756 2608 995 2671 principio
1021 2607 1142 2670 Maji
1169 2603 1206 2667 Β
1234 2607 1295 2657 ad
1328 2613 1484 2657 ortum
1510 2610 1728 2671 proxime
1767 2607 1969 2669 accedit,
2009 2614 2061 2657 at
2096 2620 2193 2656 non
2218 2606 2363 2670 plane
2389 2621 2504 2669 per-

241 2682 392 2734 venit.
477 2681 616 2731 ,Iulio
670 2680 776 2742 ejus
826 2682 940 2728 anni
986 2682 1034 2727 in
1084 2681 1244 2743 capite
1294 2682 1612 2730 revolutionis
1658 2689 1694 2738 ό
1738 2681 1841 2730 Soli
1887 2681 2124 2743 jungitur,
2209 2680 2502 2728 Fortitudini

241 2753 439 2818 quidem
491 2754 626 2803 favet
673 2758 749 2820 et„
766 2753 1087 2816 magnitudini
1140 2754 1324 2816 famae,
1379 2760 1429 2803 at
1480 2754 1751 2804 valetudini
1802 2755 2078 2817 perniciosa
2115 2758 2215 2815 est3
2272 2767 2500 2815 magnum

242 2824 454 2878 aestum*
473 2829 670 2878 excitat.

451 2900 652 2950 anuario
701 2900 817 2947 anni
861 2893 1072 2964 1608ξῆ
1116 2898 1384 2961 ingreditur
1435 2900 1783 2963 horoscopum,
1837 2915 1895 2948 ex
1934 2897 2073 2960 cujus
2115 2898 2502 2949 consideratione

243 2979 291 3024 et
329 2988 438 3023 cum
476 2972 784 3038 praecedenti
826 2973 1187 3034 comparatione
1227 2973 1395 3021 videor
1437 2973 1542 3035 jam
1581 2973 1732 3021 multo
1771 2974 1948 3022 rectius
1989 2971 2047 3020 de
2098 2972 2219 3021 febri
2256 2971 2505 3035 Ungarica

243 3047 531 3097 concludere
568 3060 735 3110 posse,
790 3044 922 3109 quod
957 3045 991 3091 ii
1029 3047 1206 3094 rectius
1238 3045 1558 3108 judicabunt,
1601 3046 1777 3108 quibus
1817 3051 2248 3109 temperamentum
2287 3048 2499 3108 corporis

238 3125 545 3185 perspectum
584 3125 675 3168 est.

415 3194 555 3242 Haec
604 3206 798 3254 quoque
838 3195 1011 3253 quarta
1050 3189 1291 3238 revolutio
1343 3190 1458 3238 anni
1501 3194 1637 3240 1608
1678 3190 1839 3250 Julio,
1893 3205 2018 3252 quae
2058 3190 2207 3239 habet
2244 3189 2409 3239 Solem
2447 3192 2495 3238 in
2588 3245 2592 3249 ⁴

243 3268 469 3330 opposito
510 3266 708 3326 Martis,
763 3264 1031 3313 valetudini
1084 3269 1158 3311 est
1195 3263 1416 3312 adversa.
1494 3263 1589 3312 Ter
1625 3277 1835 3326 namque
1877 3270 1914 3319 Α
1961 3265 2164 3312 occurrit
2202 3262 2310 3312 loco
2351 3263 2494 3325 Solis,

242 3339 404 3403 Majo‚
446 3339 673 3402 Augusto
713 3343 762 3387 et
799 3337 1102 3400 Septembri,
1157 3351 1253 3398 quo
1291 3351 1457 3385 mense
1498 3342 1546 3384 et
1585 3333 1621 3399 Β
1663 3338 1976 3385 stationarius
2026 3337 2080 3384 fit
2117 3338 2166 3383 in
2205 3335 2494 3399 horoscop0,

243 3427 411 3463 carens
449 3414 555 3475 ipse
594 3410 865 3460 latitudine.
944 3411 1004 3458 Et
1042 3424 1142 3471 seq.
1185 3424 1312 3457 anno
1357 3414 1490 3458 1609
1532 3409 1799 3458 Februario
1839 3416 1886 3459 et
1925 3408 2122 3457 Octobri
2154 3406 2191 3469 Β
2219 3408 2347 3457 Solis
2385 3408 2492 3458 loco

246 3487 520 3549 opponitur.
584 3485 690 3534 Etsi
728 3485 874 3546 igitur
911 3482 1046 3530 nulla
1084 3482 1213 3530 mala
1250 3483 1452 3531 directio
1493 3487 1580 3542 est,
1621 3488 1781 3530 tamen
1823 3482 1902 3532 vel
1941 3481 2074 3530 solae
2113 3482 2206 3529 hae
2233 3483 2492 3530 continua-

242 3563 321 3608 tae
358 3558 687 3608 revolutiones
728 3556 964 3605 adversae
1004 3557 1102 3602 vim
1140 3557 1402 3603 intentant:
1451 3568 1599 3617 qruare
1651 3554 1744 3603 hoc
1796 3555 2162 3617 quadriennium
2214 3555 2494 3602 morbosum

245 3633 347 3679 erit.
413 3630 494 3680 Sic
530 3632 677 3693 igitur
715 3630 800 3678 alii
840 3625 1229 3696 adgdirectiones
1269 3629 1437 3677 intenti
1478 3629 1588 3686 sint,
1630 3634 1683 3674 ut
1720 3627 1809 3676 hos
1850 3629 2070 3676 fortiores
2111 3630 2364 3687 transitus,
2406 3629 2487 3690 qui

246 3704 431 3752 certiori
470 3705 520 3750 in
556 3709 729 3751 natura
767 3701 1079 3750 fundamento
1118 3703 1349 3760 nituntur,
1387 3714 1482 3749 non
1522 3699 1807 3763 despiciant.

416 3774 702 3839 Exemplum
740 3776 926 3836 insigne
966 3773 1190 3822 fallaciae
1218 3773 1549 3824 directionum
1613 3772 1796 3821 Auctor
1822 3773 1976 3823 libelli
2001 3773 2103 3823 albi
2126 3772 2209 3822 fol.
2239 3777 2322 3821 92.
2351 3785 2484 3820 com-

246 3850 531 3898 memoravit
571 3855 597 3898 7
640 3847 929 3899 directiones
977 3849 1102 3895 intra
1152 3850 1299 3896 unum
1346 3861 1525 3895 annum
1574 3846 1923 3910 coincidentes,
1974 3851 2022 3895 et
2059 3860 2120 3896 cx
2156 3846 2218 3895 iis
2255 3857 2492 3908 magnum
2536 3865 2625 3922 -·5.

2581 3923 2618 3958 ss

2580 4019 2591 4061 'i
