2652 4088
234 156 306 220 62
1155 151 1184 203 J
1186 153 1345 203 oannis
1373 147 1559 212 Kepleri

407 306 506 353 203.
538 304 684 349 Tanta
714 301 950 349 altitudine
979 308 1072 349 tam
1102 302 1307 348 conferta
1336 300 1555 346 montium
1587 300 1781 348 culmina
1818 305 1870 348 ut
1913 305 2194 358 mergantur,
2234 299 2484 359 periculum

233 378 302 419 est
330 371 514 418 nullum.

405 439 503 484 204.
535 435 661 481 Tunc
694 434 873 491 quidem
907 439 952 480 et
980 432 1209 490 privolvae
1244 431 1416 478 habent
1453 432 1772 479 medinoctium
1802 438 1963 490 estque
1993 438 2039 478 et
2068 433 2158 479 illis
2187 433 2333 479 Volva
2364 432 2487 487 (licet

236 518 326 550 non
357 501 616 559 conspicua)
648 513 748 545 cum
779 498 898 545 Sole.
940 501 1040 544 Hoc
1071 500 1110 543 si
1139 511 1450 556 comparemus
1482 511 1583 544 cum
1611 498 1922 545 terricolarum
1954 500 2348 545 observationibus
2377 511 2486 544 nau-⁶

232 571 350 624 ticis,
381 568 587 625 equidem
618 566 844 611 affirmant
874 566 906 609 ii
936 565 1232 620 contrarium,
1279 564 1451 610 scilicet
1490 566 1624 609 etiam
1666 565 1713 610 in
1743 565 1890 609 media
1928 573 2062 610 nocte
2104 579 2247 621 aeque
2277 577 2487 621 magnum

233 648 332 680 esse
361 634 534 678 fluxum
565 632 746 688 oceani,
789 630 1051 676 absentibus
1082 630 1402 686 luminaribu8‚
1433 644 1487 676 ac
1516 631 1562 674 in
1591 630 1790 686 meridie,
1821 630 1876 674 iis
1907 630 2238 687 praesentibus.
2299 630 2488 675 Titubat

234 715 339 758 ergo
371 707 416 745 et
445 699 533 743 hoc
562 699 662 743 loco
695 697 945 748 hariolatio,
977 695 1061 739 nisi
1092 695 1263 740 fluxum
1294 701 1560 740 nocturnum
1592 695 1748 741 oceani
1778 697 1920 742 nostri
1953 695 2224 741 derivaveris
2256 708 2313 740 ex
2335 708 2487 752 reper-

231 780 367 812 cussu
397 779 424 809 a
454 764 660 808 litoribus
691 763 940 818 Americae,
972 761 1016 805 in
1047 775 1162 819 quae
1193 762 1324 807 Luna
1356 761 1501 806 undas
1530 769 1635 818 post
1667 776 1715 808 se
1744 762 1927 807 trahens
1966 761 2175 818 impingit
2203 760 2489 817 vicissimque

230 848 258 878 a
286 832 495 878 litoribus
525 831 738 886 Europae
770 835 816 874 et
845 828 1021 874 Africae
1051 841 1133 885 per
1163 827 1442 884 reciprocam
1472 826 1829 884 fluctuationem,
1862 841 1996 883 quam
2017 828 2149 872 Luna
2179 825 2398 884 postridie
2419 838 2487 869 re-

229 903 409 943 vertens
440 909 556 941 novo
589 894 756 940 ducatu
784 893 1056 941 moderetur.
1119 893 1254 938 Tales
1286 906 1502 938 occursus
1532 893 1735 945 litorum,
1766 892 2074 938 fluctuationis
2104 891 2326 938 undarum
2358 902 2485 935 occa*

231 963 428 1019 sionem,
468 973 700 1006 removeas
739 973 765 1005 a
795 961 926 1006 Luna
962 974 1149 1006 necesse
1191 967 1284 1016 est,
1328 961 1367 1005 si
1398 960 1463 1005 vis
1494 959 1721 1016 privolvas
1758 959 1805 1004 in
1842 972 1925 1004 suo
1964 957 2236 1004 medinoctio
2278 955 2486 1001 omnibus

231 1030 364 1075 undis
394 1028 663 1086 exspoliare.

404 1095 503 1141 205.
538 1094 655 1139 Sane
687 1091 866 1149 quidem
896 1092 942 1137 in
973 1092 1156 1150 quadris
1186 1091 1452 1149 perhibetur
1492 1090 1642 1135 fluxus
1674 1096 1719 1134 et
1748 1090 1951 1136 refluxus
1994 1090 2130 1135 maris
2160 1089 2256 1135 fere
2286 1086 2488 1132 inobser-

230 1161 409 1218 rabilis,
453 1159 582 1217 quasi
622 1158 930 1233 compensatio
963 1157 1094 1203 fieret
1131 1164 1303 1203 tractus
1342 1158 1460 1202 inter
1490 1156 1641 1202 Solem
1672 1163 1928 1212 surgentem
1966 1163 2013 1202 et
2045 1156 2222 1200 Lunam
2252 1167 2310 1199 ex
2339 1152 2487 1198 medio

231 1227 346 1274 coeli
375 1225 616 1271 abeuntem
648 1229 726 1268 aut
755 1223 963 1268 vicissim

398 1291 497 1338 206.
531 1290 760 1334 Diameter
788 1294 833 1333 et
864 1289 928 1335 sic
959 1290 1092 1335 etiam
1126 1287 1322 1333 circulus
1353 1288 1575 1333 maximus
1606 1289 1835 1334 terrestris
1874 1289 1932 1334 ad
1972 1288 2174 1334 lunarem
2215 1292 2286 1332 est
2315 1291 2367 1332 ut
2398 1287 2485 1332 389

230 1359 286 1409 ad
322 1359 405 1406 100
436 1357 584 1414 (Epit.
614 1358 737 1400 Astr.
773 1356 964 1412 Copern.
998 1354 1077 1399 sol.
1111 1355 1213 1401 483.
1268 1355 1364 1401 Vol.
1396 1357 1469 1400 Vl.
1499 1370 1542 1410 p.
1574 1358 1699 1410 328).
1760 1355 1848 1400 Est
1885 1368 1990 1412 ergo
2027 1355 2165 1412 paulo
2206 1354 2352 1410 major
2390 1352 2486 1398 dia-

234 1431 376 1470 meter
404 1423 574 1468 lunaris
605 1426 734 1480 parte
766 1426 927 1476 quarta
956 1420 1197 1466 terrestris.

404 1489 503 1534 207.
536 1487 660 1531 Haec
691 1485 914 1543 particula
935 1486 1105 1530 Somnii
1135 1485 1348 1542 majorem
1370 1485 1510 1531 babet
1530 1490 1740 1543 aetatem,
1770 1499 1905 1543 quam
1926 1485 2220 1543 telescopium
2249 1485 2488 1543 belgicum,

233 1568 366 1614 quam
393 1553 571 1599 omnino
593 1551 650 1596 ad
673 1550 976 1605 Maestlinum,
1009 1564 1156 1596 meum
1179 1552 1225 1597 in
1247 1551 1560 1597 astronomicis
1580 1557 1935 1609 praeceptorem,
1968 1551 2129 1605 refero,
2162 1557 2323 1607 estque
2353 1550 2490 1607 parti-

230 1622 333 1669 cula
362 1622 574 1673 thesium,
607 1631 807 1682 quarum‘
828 1630 966 1674 supra
995 1631 1112 1662 num.
1138 1617 1174 1661 2.
1208 1617 1298 1662 feci
1317 1617 1602 1674 mentionem,
1635 1617 1934 1674 transtulique
1956 1617 2076 1662 illam
2099 1618 2233 1662 etiam
2255 1617 2303 1662 ιιι
2324 1616 2491 1673 Optica

229 1689 263 1735 f.
294 1689 395 1733 250.
428 1687 548 1743 (Vol.
581 1688 635 1731 11.
667 1699 713 1739 p.
745 1685 852 1739 286)
926 1682 1094 1726 Verum
1137 1696 1236 1728 eam
1275 1682 1453 1737 egregie
1493 1683 1729 1727 confirmat
1757 1696 1868 1729 usus
1905 1682 2142 1739 telescopii
2174 1689 2220 1726 et
2251 1683 2492 1727 observata

231 1752 419 1798 Galilaei
448 1751 635 1796 laudata
664 1751 710 1795 in
743 1748 1071 1794 Dissertatione
1102 1761 1201 1793 mea
1233 1746 1334 1803 (fol.
1358 1748 1433 1804 20)
1467 1747 1689 1804 quaedam
1724 1755 1770 1792 et
1800 1760 1920 1794 mea:
1952 1748 2264 1804 promontoria
2292 1748 2492 1804 quinque

228 1819 426 1864 millibus
456 1830 673 1874 passuum
702 1816 748 1859 in
779 1814 1102 1878 perpendiculo
1135 1827 1161 1858 a
1192 1814 1433 1871 superficie
1465 1827 1644 1859 sursum
1676 1821 1829 1860 erecta
1860 1814 2061 1871 conspici
2091 1813 2311 1870 incipiunt
2333 1826 2361 1857 a
2382 1826 2491 1868 qua-

227 1884 478 1940 dragesimo
518 1882 674 1939 quinto
714 1880 892 1925 milliari
922 1881 1190 1936 germanico.
1254 1881 1391 1937 (Vide
1425 1880 1547 1937 Epit.
1589 1882 1774 1926 Astron.
1817 1881 2009 1937 Copern.
2041 1879 2117 1925 fol.
2151 1879 2224 1925 23.
2289 1880 2384 1924 Vol.
2420 1881 2492 1921 vl.

230 1966 272 2006 p.
309 1950 429 2006 130).
468 1947 570 1993 Jam
603 1960 705 1991 vero
739 1946 776 1991 si
807 1958 960 1990 omnes
992 1947 1149 1992 oceani
1189 1947 1500 2005 navigationes
1533 1946 1888 2004 pervolitaveris,
1919 1946 1992 1991 vix
2023 1945 2167 2002 majus
2198 1945 2396 1990 invenies
2426 1944 2491 1990 in·

227 2014 487 2072 tervallum,
533 2029 561 2060 a
591 2028 681 2072 quo
712 2020 859 2059 terrae
898 2011 988 2056 sint
1029 2020 1315 2070 conspectae,
1356 2013 1509 2059 nullus
1538 2014 1674 2070 igitur
1703 2027 1832 2058 mons
1863 2025 1999 2070 super
2029 2024 2176 2069 aquae
2208 2011 2492 2069 superficiem

230 2083 352 2129 ultra
391 2082 581 2128 milliare
625 2094 836 2135 magnum
875 2078 1178 2136 germanicum
1224 2079 1460 2125 attollitur.
1522 2079 1636 2124 Vide
1669 2079 1826 2124 Snellii
1851 2079 2211 2127 Eratosthenem
2244 2078 2491 2134 Belgicam.

231 2150 362 2194 Luna
392 2160 497 2192 vero
530 2153 722 2204 quantos
754 2145 920 2191 habeat
943 2157 1077 2201 quam
1109 2145 1226 2190 altos
1248 2152 1438 2200 montes,
1468 2152 1641 2203 quanto
1672 2145 1912 2190 intervallo
1942 2145 1986 2189 in
2012 2144 2142 2189 Luna
2163 2142 2302 2189 bifida
2323 2149 2494 2200 puncta

229 2213 380 2260 lucida
420 2213 634 2258 recedant
665 2225 692 2255 a
724 2211 925 2256 sectione
967 2211 1011 2255 in
1044 2217 1218 2267 partem
1257 2211 1535 2265 umbrosam,
1576 2225 1601 2256 e
1634 2211 1862 2268 profundo
1901 2211 2110 2256 umbroso
2149 2216 2417 2267 exporrecta
2445 2209 2492 2253 in

231 2282 376 2327 lucem
407 2280 634 2325 radiorum
669 2278 812 2331 Solis,
858 2277 958 2322 vide
990 2275 1110 2332 apud
1144 2276 1395 2322 Galilaeum
1427 2278 1470 2322 in
1504 2277 1797 2324 Trutinatore
1829 2285 1987 2324 contra
2016 2277 2216 2323 Sarsium
2247 2276 2416 2334 scripto
2446 2282 2495 2321 et

231 2347 400 2405 passim
466 2346 576 2391 Cum
607 2358 724 2390 anno
751 2344 861 2390 1612
892 2355 1046 2390 mense
1074 2342 1200 2398 Maio
1231 2344 1562 2401 contemplarer
1590 2345 1778 2403 eclipsin
1811 2344 1942 2399 Solis,
1973 2344 2100 2390 radio
2131 2356 2213 2400 per
2241 2342 2400 2389 tubum
2431 2342 2492 2386 vi·

235 2412 403 2459 sorium
435 2425 536 2456 cum
566 2411 681 2455 vitro
716 2409 883 2466 duplici
914 2409 1113 2454 immisso
1140 2420 1278 2464 super
1299 2407 1511 2453 tabellam
1533 2408 1696 2466 albam,
1729 2410 1819 2455 vidi
1849 2409 1893 2453 in
1917 2407 2276 2455 circumferentia
2307 2406 2494 2453 umbrae

233 2478 416 2531 Lunae,
455 2477 542 2522 hoc
575 2482 644 2521 est
675 2477 900 2533 defectus,
944 2487 1077 2533 quem
1115 2473 1398 2530 interpositio
1429 2475 1586 2520 Lunae
1628 2476 1673 2520 in
1705 2476 1856 2533 specie
1890 2475 2007 2521 Solis
2051 2473 2346 2530 causabatur,
2386 2474 2493 2531 vidi,

233 2543 439 2599 inquam,
484 2543 531 2587 in
561 2542 647 2586 hac
688 2541 1048 2587 circumferentia
1091 2551 1201 2584 cava
1243 2539 1332 2583 duo
1374 2538 1612 2585 tubercula
1650 2542 1983 2588 evidentissima
2023 2540 2142 2586 ultra
2171 2540 2494 2585 rotunditatem

235 2608 435 2662 umbrae,
467 2607 554 2652 hoc
584 2614 653 2653 est
683 2608 866 2664 Lunae,
908 2607 955 2651 in
986 2605 1184 2662 speciem
1215 2604 1411 2650 lucidam
1441 2619 1682 2652 concavam
1714 2608 2022 2660 excurrentia3
2063 2615 2109 2651 et
2139 2620 2195 2651 ne
2228 2606 2394 2651 dixeris
2423 2607 2494 2652 vel

236 2687 263 2718 a
294 2676 409 2717 vitro
440 2672 600 2728 fuisse,
643 2672 712 2717 vel
746 2686 773 2716 a
803 2672 1068 2728 deceptione
1099 2672 1236 2728 visus,
1267 2673 1561 2717 morabantur
1591 2674 1635 2718 in
1668 2672 1791 2718 disco
1823 2673 1942 2718 Solis
1974 2685 2169 2728 eumque
2196 2671 2494 2729 permeabant

237 2739 294 2783 ad
327 2747 497 2783 motum
528 2739 698 2794 Lunae,
729 2751 908 2795 unaque
939 2738 1125 2782 alteram
1155 2737 1404 2794 praevertit
1434 2739 1656 2784 exeundo.
1702 2739 1749 2784 Si
1769 2739 2104 2796 proportionem
2135 2739 2316 2795 quaeris
2337 2752 2492 2783 eorum

235 2802 484 2849 altitudinis
514 2802 571 2846 ad
604 2801 867 2847 diametrum
897 2803 1077 2859 Lunae,
1109 2803 1386 2859 impossibile
1416 2802 1578 2848 fuisset
1607 2803 1711 2849 illos
1742 2805 2118 2860 animadvertere,
2161 2804 2248 2848 nisi
2277 2805 2336 2850 ad
2365 2804 2492 2849 mini·

155 2904 158 2908 .
235 2883 355 2915 mum
397 2867 720 2925 sexagesimam
754 2874 1027 2925 aequassent
1064 2868 1269 2913 diametri
1310 2876 1498 2925 partem.
1561 2870 1675 2914 Nam
1719 2883 1883 2926 parvus
1916 2870 2155 2915 admodum
2202 2876 2300 2915 erat
2336 2870 2492 2916 radius

237 2948 319 2981 nec
351 2935 494 2981 multo
526 2933 670 2990 major
699 2940 880 2978 moneta
910 2938 1124 2989 argentea
1154 2934 1386 2991 imperiali.
1429 2935 1633 2980 Fuerunt
1663 2936 1797 2991 igitur
1827 2944 2004 2980 montes
2034 2937 2079 2979 in
2110 2935 2242 2980 Luna
2272 2942 2373 2980 octo
2395 2936 2490 2980 mil·

234 2999 412 3047 liarium
434 2999 716 3044 altitudinem
741 3007 1006 3055 superantes
1027 3000 1271 3057 minimum,
1294 3002 1402 3057 quia
1422 3000 1639 3046 diameter
1658 3001 1816 3046 Lunae
1837 2999 1956 3045 valet
1976 3000 2154 3045 circiter
2169 3002 2255 3047 500
2270 3000 2489 3045 milliaria.

411 3066 508 3111 208.
543 3065 668 3109 Infra
698 3064 744 3108 in
775 3063 1082 3109 additamento
1113 3066 1314 3110 invenies
1346 3066 1522 3111 foveam
1555 3075 1714 3112 exacte
1745 3065 2022 3121 circularem,
2053 3079 2106 3111 ac
2136 3066 2175 3109 si
2205 3072 2326 3111 esset
2355 3079 2491 3112 manu

239 3131 371 3185 facta,
402 3144 518 3189 quae
551 3130 704 3177 decem
725 3129 930 3176 milliaria
951 3131 1207 3187 germanica
1227 3131 1364 3175 habet
1393 3131 1439 3175 in
1461 3131 1696 3177 diametro,
1738 3132 1824 3176 Est
1843 3133 2008 3177 fissura
2037 3131 2197 3188 ingens
2222 3139 2267 3176 et
2287 3130 2494 3177 flexuosa

236 3199 282 3243 in
314 3198 475 3256 medio,
507 3197 686 3255 qualem
716 3203 826 3254 puto
859 3197 1165 3254 apparituram
1196 3196 1358 3241 vallem
1390 3196 1544 3253 Anasi,
1575 3210 1658 3253 per
1686 3202 1883 3241 montem
1907 3196 2113 3241 Caecium
2144 3196 2382 3254 reptantis,
2411 3202 2491 3242 aut

240 3266 352 3311 Oeni
382 3279 463 3323 per
493 3261 646 3323 Alpes,
679 3265 715 3309 si
747 3263 848 3320 quis
881 3276 957 3307 eas
990 3263 1093 3308 Sole
1125 3263 1417 3309 occumbente
1448 3275 1505 3307 ex
1536 3262 1628 3307 alto
1660 3262 1844 3308 aethere
1875 3262 2140 3307 intueretur.
2193 3262 2282 3308 Sed
2302 3276 2490 3320 propor-

241 3330 363 3375 tione
393 3330 535 3375 multo
564 3328 832 3386 profundior
862 3335 907 3373 et
938 3329 1160 3375 horridior
1190 3336 1260 3375 est
1288 3329 1366 3373 illa
1394 3328 1566 3374 Lunae.
1614 3329 1678 3372 Et
1705 3343 1761 3374 ne
1792 3328 1911 3373 desit
1939 3328 2060 3385 quod
2091 3328 2281 3387 mireris,
2311 3329 2488 3374 videtur

240 3396 405 3441 alicubi
434 3395 631 3451 trajectu
660 3394 808 3440 minus
839 3394 1064 3445 umbroso,
1097 3395 1227 3454 quasi
1258 3393 1451 3452 quodam
1473 3399 1613 3451 ponte
1637 3394 1812 3451 juncta.
1867 3394 1955 3439 Sed
1979 3395 2229 3440 recentiora
2249 3401 2357 3440 sunt
2376 3394 2490 3441 baec

239 3462 546 3519 experimenta
576 3460 728 3507 libello
760 3462 873 3519 ipso.
920 3461 1064 3506 Tanto
1097 3460 1239 3517 magis
1271 3459 1467 3504 delectat
1496 3459 1609 3504 haec
1641 3460 1734 3505 veri
1762 3460 2040 3517 praesumtio
2070 3468 2176 3506 ante
2206 3473 2364 3519 annos,
2396 3460 2490 3506 ani-

241 3540 451 3583 mumque
481 3540 641 3583 gerens
672 3526 934 3584 vultumque
965 3527 1149 3573 virilem.

415 3593 514 3638 209.
546 3593 670 3638 Haec
700 3607 790 3637 non
819 3593 955 3650 plane
985 3590 1108 3637 nuda
1139 3592 1227 3638 fuit
1254 3589 1492 3636 hariolatio
1523 3601 1580 3634 ex
1610 3590 1990 3647 contemplatione
2029 3591 2225 3650 ingentis
2275 3597 2429 3638 aestus
2459 3606 2488 3638 a

242 3656 314 3703 die
344 3662 435 3701 tam
465 3657 610 3714 longa,
643 3663 694 3702 ut
724 3656 896 3702 scilicet
917 3659 1050 3705 etiam
1079 3656 1321 3703 inhabitari
1351 3654 1497 3714 possit
1526 3653 1724 3700 selenitis
1745 3656 1802 3700 ab
1825 3656 2141 3712 animantibus,
2173 3658 2254 3704 sed
2273 3657 2487 3704 formatas

242 3723 463 3768 habebam
495 3723 775 3779 conjecturas
806 3725 1003 3770 raritatis
1035 3724 1081 3768 in
1113 3736 1301 3780 corpore
1322 3722 1480 3766 Lunae
1511 3721 1646 3767 etiam
1676 3735 1732 3766 ex
1754 3721 1851 3777 ejus
1874 3729 2012 3780 motu,
2045 3738 2157 3780 quas
2189 3725 2235 3769 in
2257 3725 2488 3770 Commen-

241 3789 368 3844 tariis
390 3786 549 3833 Martis
569 3790 787 3835 recensui.
828 3788 1039 3836 Proximo
1062 3802 1178 3834 anno
1200 3787 1366 3846 prodiit
1387 3785 1576 3832 Galil-aei
1595 3787 1797 3834 Nuncius
1819 3788 2044 3843 SidereuS,
2067 3790 2146 3846 qui
2166 3789 2485 3847 experimentis

245 3853 603 3912 evidentissimis,
634 3868 748 3915 quae
767 3854 945 3902 Lunam
975 3854 1147 3902 caudae
1175 3853 1363 3911 pavonis
1393 3851 1637 3899 crebritate
1666 3865 1883 3911 specuum
1912 3855 2178 3912 assimilant,
2207 3855 2371 3914 dogma
2398 3857 2487 3904 hoc
