2652 4088
715 197 864 246 Notae
896 199 953 245 ad
984 198 1291 257 Appendicem
1323 199 1762 257 Selenographicam.
1823 221 1835 232 .
2295 203 2361 259 69

283 343 338 391 V.
369 345 663 403 Apparentia.
705 345 912 392 Vicissim
943 359 1025 405 per
1044 346 1297 393 maculosas
1328 351 1480 405 partes
1513 342 1768 405 superficiei
1797 344 1968 392 lunaris
1997 345 2119 394 linea
2150 348 2364 395 sectionis

80 427 87 434 ⁸
115 409 344 468 trajiciens
373 425 486 468 pure
517 418 641 457 recta
671 418 754 458 est.

282 477 356 523 VI.
386 477 510 534 Ergo
540 478 744 524 maculae
773 477 932 527 Lunae
974 483 1080 523 sunt
1119 478 1368 535 aequabilis
1409 484 1455 524 et
1482 478 1683 536 perfecte
1723 477 1940 536 globosae
1972 481 2229 539 superfiGIei
2259 495 2363 539 par-

109 542 289 588 ticulae.

281 610 382 656 VII.
415 611 711 669 Apparentia.
769 610 960 667 Quando
994 612 1135 656 sectio
1166 625 1248 668 per
1277 612 1477 657 maculas
1507 610 1774 668 traducitur,
1806 619 2029 670 apparent
2048 614 2167 660 intra
2187 608 2364 672 partem

107 676 266 722 Lunae
286 676 583 723 illuminatam
610 678 751 722 rimae
771 678 992 734 quaedam
1025 678 1264 723 umbrosae
1286 692 1342 722 ex
1365 678 1660 735 inconspicua
1690 678 1848 724 Lunae
1868 686 1999 736 parte
2029 687 2362 740 procurrente8‚

106 755 225 799 quae
254 743 453 787 maculas
484 757 512 788 a.
540 743 745 800 partibus
776 757 888 800 pure
918 744 1080 789 lucidis
1112 747 1240 802 quasi
1271 745 1550 791 rescindunt.

277 810 399 854 VIII.
431 810 554 866 Ergo
584 810 698 854 radii
730 810 847 855 Solis
878 811 1133 856 illuminant
1166 818 1209 856 et
1241 817 1394 868 partes
1425 810 1598 854 lucidas
1640 816 1685 854 et
1726 817 1878 866 partes
1917 810 2174 856 maculosas
2224 811 2287 857 cis
2321 817 2366 856 et

105 873 226 920 ultra
245 874 346 920 illas
369 875 502 919 rimas
529 875 763 921 umbrosas
792 876 838 920 in
869 877 1055 922 semisse
1075 877 1348 934 illuminat03
1381 878 1609 933 regionem
1629 890 1735 921 vero
1763 891 1875 935 eam,
1898 891 2032 933 quam
2052 878 2166 922 rima
2187 880 2363 936 transit,

105 954 196 984 non
225 940 491 985 illuminant.
838 983 858 1008 ›

277 1007 358 1051 IX.
391 1005 479 1052 Sed
509 1019 591 1063 per
615 1007 679 1053 ¹11.
713 1006 890 1052 lucidae
921 1016 1028 1055 sunt
1057 1008 1189 1066 altae,
1222 1009 1481 1054 maculosae
1515 1008 1780 1065 depressae:
1815 1022 1920 1064 ergo
1951 1009 2089 1052 rimae
2121 1009 2227 1053 illae
2260 1014 2366 1055 sunt

105 1072 215 1118 nihil
258 1072 379 1118 aliud
409 1085 544 1130 quam
586 1074 745 1118 umbra
774 1073 1050 1132 lucidarum,
1095 1087 1180 1120 ceu
1210 1074 1428 1119 montium
1473 1081 1552 1120 aut
1584 1075 1785 1131 litorum,
1826 1075 2033 1132 projecta
2063 1075 2109 1119 in
2139 1077 2388 1121 maculam'

106 1146 317 1196 tanquam
348 1139 580 1196 planitiem
612 1146 692 1184 aut
723 1153 904 1196 aequor.

275 1205 331 1250 X.
363 1206 656 1262 Apparentia.
707 1207 758 1250 In
799 1211 930 1262 parte
961 1208 1121 1265 Lunae
1154 1207 1401 1251 crescentis
1443 1207 1735 1262 inconspicua
1775 1218 1933 1251 versus
1979 1207 2226 1250 sectionem
2267 1220 2359 1250 cer-

103 1277 272 1317 nuntur
301 1279 471 1330 puncta
500 1272 665 1323 lucida,
699 1284 815 1328 quae
845 1271 980 1330 lapsu
1001 1266 1175 1329 aliquot
1196 1274 1408 1318 horarum
1430 1275 1546 1319 fiunt
1577 1273 1782 1330 clariora,
1816 1273 1959 1318 donec
1982 1273 2238 1318 coalescant
2264 1287 2364 1318 cum

103 1344 233 1395 parte
262 1337 513 1383 illuminata
542 1337 664 1395 apud
693 1339 856 1384 lineam
888 1340 1123 1398 sectionis,
1167 1345 1212 1384 et
1250 1346 1359 1385 tunc
1390 1344 1603 1398 apparet,
1647 1338 1767 1394 quod
1797 1338 1874 1383 illa
1905 1344 2074 1395 puncta
2103 1339 2361 1395 pertineant

102 1402 160 1447 ad
189 1408 365 1460 partem
395 1404 553 1448 Lunae
584 1403 794 1459 lucidam,
823 1417 915 1448 non
946 1405 1003 1449 ad
1035 1407 1248 1452 maculas.

273 1469 353 1513 XI.
385 1469 508 1525 Ergo
539 1481 725 1513 necesse
757 1476 839 1523 est,
870 1485 926 1515 ex
957 1484 1010 1515 ea
1040 1478 1171 1528 parte
1203 1472 1470 1529 superficiei,
1504 1484 1620 1528 quae
1652 1485 1679 1515 a
1708 1471 1846 1516 radiis
1880 1470 1996 1517 Solis
2027 1471 2226 1516 nondum
2258 1485 2364 1516 con-

102 1533 311 1591 tingitur,
343 1548 586 1591 exsurgere
617 1536 769 1592 apices
801 1537 976 1594 aliquos
1009 1539 1055 1583 in
1085 1544 1259 1583 tantam
1290 1539 1594 1593 altitudinem,
1642 1542 1693 1581 ut
1720 1537 1748 1580 ii
1782 1552 1808 1581 a
1838 1537 1977 1582 radiis
2011 1537 2128 1582 Solis
2161 1537 2365 1592 contingi

103 1600 293 1658 possint,
325 1607 370 1646 et
398 1615 577 1647 rursum
608 1602 752 1647 omnis
791 1602 870 1648 illa
901 1605 1064 1650 vicinia
1103 1606 1223 1650 circa
1252 1606 1369 1651 tales
1400 1606 1552 1663 apices
1588 1604 1806 1649 elevatior
1847 1611 1916 1649 est
1946 1611 2078 1662 parte
2109 1604 2366 1661 superficiei

105 1666 348 1712 maculosa.

275 1734 379 1781 XII.
410 1735 701 1792 Apparentia.
753 1735 880 1792 Quae
911 1736 1031 1782 dicta
1064 1741 1170 1781 sunt
1199 1734 1319 1782 num.
1349 1737 1385 1783 I.
1420 1741 1465 1781 et
1497 1737 1596 1781 VII.
1648 1736 1713 1781 sic
1753 1735 2154 1792 deprehenduntur
2194 1741 2287 1780 tam
2318 1737 2365 1781 in

103 1798 246 1853 prima
292 1800 484 1857 quadra,
533 1813 668 1857 quam
696 1801 743 1845 in
773 1802 953 1859 ultima,
995 1804 1114 1848 circa
1145 1803 1335 1848 eandem
1366 1816 1552 1847 numero
1585 1801 1830 1855 maculam,
1877 1815 1959 1858 per
1999 1815 2131 1857 quam
2171 1808 2365 1859 utraque

104 1867 354 1911 sectionum
386 1868 561 1923 transit,
594 1881 801 1925 quaeque
834 1880 916 1912 suo
947 1874 1166 1926 tempore,
1198 1870 1244 1912 in
1275 1869 1477 1925 partibus
1511 1874 1663 1914 tamen
1695 1867 1793 1923 ejus
1826 1867 2060 1924 oppositis.

274 1934 397 1977 XIII.
429 1934 552 1991 Ergo
575 1934 752 1978 macula
774 1933 990 1990 depressa
1009 1948 1092 1992 per
1113 1936 1168 1992 11,
1204 1940 1249 1980 et
1271 1935 1522 1991 aequabilis
1549 1947 1630 1992 per
1649 1935 1725 1990 VI,
1759 1933 1955 1978 ambitur
1976 1933 2175 1990 undique
2196 1932 2360 1995 lucidis

103 1996 208 2043 altis
238 1998 343 2054 (per
372 1999 439 2056 Π)
472 2006 518 2044 61
546 2000 721 2056 asperis
755 2002 858 2057 (per
888 2001 988 2054 IV).

275 2064 395 2110 XIV.
427 2066 722 2121 Apparentia.
770 2067 823 2110 In
855 2067 1040 2113 semisse
1069 2067 1320 2112 illuminato
1361 2080 1504 2125 prope
1536 2066 1785 2111 sectionem
1824 2066 2008 2110 crebrae
2042 2074 2262 2125 apparent
2290 2069 2358 2114 lu-

102 2132 236 2178 nulae
267 2145 349 2176 seu
378 2131 519 2176 falces
550 2131 808 2189 umbrosae,
851 2132 1062 2178 cornibus
1102 2134 1243 2178 versis
1268 2134 1439 2178 'versus
1481 2133 1647 2177 lineam
1678 2133 1907 2178 sectionis.
1969 2133 2030 2176 Et
2058 2133 2147 2179 11118
2181 2135 2362 2191 quidem

100 2197 323 2243 umbrosis
355 2198 649 2243 obvertuntur
678 2198 818 2243 veluti
847 2198 986 2243 falces
1018 2199 1256 2256 oppositae
1286 2199 1497 2245 cornibus
1531 2200 1770 2257 contiguis,
1805 2199 1988 2244 luminis
2026 2201 2169 2257 magis
2202 2203 2359 2260 saturi,

106 2277 238 2322 quam
271 2268 342 2308 est
371 2262 593 2319 reliquum
625 2265 936 2310 circumstans.

275 2329 373 2373 XV.
403 2329 527 2386 Ergo
558 2330 603 2373 in
633 2330 883 2376 illuminato
923 2332 1109 2376 semisse
1141 2337 1247 2377 sunt
1277 2331 1379 2376 loca
1410 2331 1691 2376 circulariter
1722 2331 1969 2388 depressa,
2013 2344 2094 2377 seu
2126 2331 2360 2390 cavitates,

103 2407 219 2451 quae
251 2409 279 2440 a
309 2395 446 2440 radiis
479 2396 597 2442 Solis
630 2398 829 2453 contingi
859 2404 1111 2456 nequeunt,
1152 2412 1207 2443 ex
1239 2405 1368 2456 parte
1410 2412 1565 2443 versus
1600 2398 1772 2454 Solem,
1814 2411 2002 2454 quorum
2043 2397 2220 2454 reliqua
2258 2411 2365 2455 pars

102 2460 326 2518 caritatis,
375 2475 490 2518 quae
533 2468 604 2507 est
641 2476 797 2508 versus
838 2466 1085 2510 sectionem
1124 2465 1287 2522 ardua,
1332 2465 1500 2510 rectius
1534 2465 1745 2522 objicitur
1782 2463 1920 2508 radiis
1955 2463 2087 2512 Solis,
2111 2464 2366 2522 fortiusque

100 2525 393 2584 illuminatur,
427 2542 561 2584 quam
592 2529 768 2586 reliqua
799 2530 996 2575 exterior
1025 2532 1249 2589 planities.

274 2593 394 2640 XVI.
426 2596 720 2652 Apparentia.
772 2598 970 2654 Insignis
1003 2604 1072 2641 est
1093 2597 1416 2656 magnitudinis
1449 2597 1556 2643 talis
1577 2596 1671 2641 falx
1702 2597 1863 2650 lucida,
1897 2596 2108 2643 cornibus
2140 2597 2365 2652 attingens

101 2657 245 2715 ipsam
274 2659 440 2704 lineam
472 2661 708 2715 sectionis,
754 2664 825 2708 cui
857 2665 1101 2722 opponitur
1133 2665 1394 2721 superficies
1437 2664 1571 2721 gibba
1602 2664 1815 2709 umbrosa
1854 2664 1899 2707 in
1939 2669 2069 2720 parte
2101 2663 2363 2721 illuminata,

102 2725 229 2781 quasi
262 2727 417 2771 circuli
447 2728 547 2784 lege
580 2741 637 2772 ex
668 2741 720 2773 ea
752 2731 927 2788 excisa3
975 2737 1019 2776 et
1060 2737 1166 2776 suut
1202 2731 1289 2776 hae
1321 2730 1632 2775 distinctiones
1673 2730 1786 2776 lucis
1827 2736 1874 2776 et
1913 2730 2097 2775 umbrae
2130 2730 2361 2775 circularis

46 2798 384 2901 *permutatae
416 2793 461 2837 in
492 2794 678 2851 quadris
710 2796 946 2854 oppositis.

273 2858 417 2904 XVII.
448 2860 572 2917 Ergo
604 2861 737 2906 etiam
767 2863 814 2908 in
845 2862 1032 2909 semisse
1062 2863 1354 2921 inconspicuo
1399 2869 1468 2908 est
1504 2863 1672 2908 cavitas
1716 2876 1797 2907 seu
1839 2862 1970 2907 fovea
2007 2863 2190 2918 ingens,
2233 2862 2363 2920 cujus

102 2921 291 2980 labrum,
319 2937 477 2970 versus
500 2926 649 2972 Solem
671 2929 890 2975 curvitate
911 2941 995 2975 sua
1016 2941 1271 2985 excurrens,
1303 2929 1484 2986 projicit
1515 2928 1719 2973 umbram
1750 2929 1796 2972 in
1829 2927 2018 2973 fundum
2039 2926 2217 2985 fossae;
2249 2925 2364 2971 labri

103 3001 208 3033 vero
240 2991 453 3046 semissis,
486 3006 512 3037 a
544 2993 647 3038 Sole
677 3008 950 3051 procurrens
979 2994 1027 3040 in
1058 2995 1291 3040 semissem
1322 2995 1677 3052 inconspicuum,
1710 2994 1886 3039 radium
1918 2992 2035 3038 Solis
2067 2993 2248 3050 exeipit,
2283 2992 2362 3037 ad-

103 3055 286 3101 missum
318 3070 402 3113 per
429 3057 603 3103 hiatum
634 3073 714 3104 seu
747 3062 1087 3107 excavationem
1119 3062 1233 3107 labri
1266 3062 1476 3119 oppositi.
2300 3113 2307 3121 ⁸

276 3124 439 3170 XVIII.
473 3126 646 3171 Causae
678 3140 819 3183 penes
850 3142 933 3174 nos
959 3127 1206 3186 terricolas,
1240 3142 1355 3185 quae
1380 3127 1663 3185 superficiem
1686 3127 1853 3172 Terrae
1876 3126 2084 3180 formant,
2117 3129 2222 3170 sunt
2253 3123 2361 3169 duo-

41 3200 45 3224 ·
103 3202 203 3234 rum
234 3203 460 3246 generum.
520 3193 636 3237 Nam
672 3193 881 3239 formatio
922 3195 1036 3240 haec
1073 3195 1145 3239 vel
1176 3208 1202 3239 a
1232 3201 1381 3240 mente
1421 3201 1514 3251 est,
1555 3199 1605 3239 ut
1645 3193 1791 3238 cultus
1836 3206 2068 3248 agrorum,
2115 3192 2361 3237 exstructio

70 3256 507 3332 ffunimentorum,
542 3258 756 3305 derivatio
789 3260 1043 3317 fluminum;
1083 3259 1153 3306 vel
1185 3274 1211 3305 a
1239 3269 1364 3305 motu
1397 3259 1741 3314 elementorum,
1785 3258 1861 3302 ubi
1894 3258 2134 3314 qualitates
2167 3256 2360 3303 elemen-

106 3326 272 3378 torum,
306 3337 422 3380 quae
453 3326 595 3371 motui
626 3332 670 3370 et
700 3327 1087 3383 transfigurationi
1119 3327 1228 3374 dant
1261 3328 1564 3378 occasionem,
1597 3330 1705 3369 sunt
1725 3324 1967 3369 humiditas
1991 3330 2034 3367 et
2057 3323 2249 3376 siccitas,
2283 3323 2362 3368 du-

103 3388 231 3435 rities
273 3394 318 3433 et
356 3389 608 3434 friabilitas.
670 3391 866 3437 Humida
905 3391 1022 3437 enim
1065 3392 1267 3438 defluunt
1306 3393 1350 3436 in
1393 3392 1493 3436 loca
1532 3396 1685 3436 centro
1729 3390 1895 3433 Terrae
1934 3388 2170 3445 viciniora,
2219 3389 2361 3434 donec

108 3454 291 3500 veniant
321 3454 378 3499 ad
410 3468 644 3500 commune
675 3458 1003 3514 aequilibrium,
1036 3459 1156 3503 sicca
1186 3465 1373 3516 propter
1404 3470 1548 3513 aquas
1578 3454 1782 3499 labentes
1813 3454 1984 3510 posita,
2019 3467 2133 3510 quae
2165 3454 2359 3512 duriora,

73 3520 379 3567 &durabiliora
420 3528 546 3578 sunt,
594 3535 708 3578 quae
748 3523 954 3568 molliora
994 3524 1062 3568 vel
1095 3524 1312 3575 friabilis,
1345 3524 1560 3581 paulatim
1592 3521 1821 3566 fatiscunt.
1884 3519 2105 3576 Exemplo
2137 3526 2240 3565 utar
2270 3522 2360 3566 evi-

62 3586 244 3638 ndenti.
297 3588 502 3645 Quaeris,
535 3588 635 3645 quis
668 3588 805 3633 colles
836 3588 939 3633 illos
963 3589 1249 3642 exstruxerit,
1284 3588 1510 3645 dispersos
1534 3601 1615 3645 per
1636 3597 1816 3641 campos
1840 3584 2093 3638 Bohemiae‚
2125 3600 2214 3643 qua
2235 3588 2359 3643 regio

105 3653 341 3699 reducitur
371 3654 415 3697 in
450 3659 689 3710 angustum
720 3666 875 3698 versus
906 3659 1080 3698 montes
1113 3653 1304 3698 Misniae
1337 3654 1655 3699 conterminos.
1699 3651 1743 3695 Si
1767 3663 1822 3695 ex
1854 3651 1972 3695 edito
2003 3656 2153 3697 monte
2184 3653 2359 3705 longin-

0 3712 3 3740 ἶ
75 3730 199 3776 aquo
230 3719 390 3764 seriem
424 3732 576 3763 eorum
609 3719 865 3775 aspexeris,
909 3717 1075 3764 dixeris
1108 3719 1346 3777 Gigantum
1390 3734 1504 3777 opus
1537 3725 1580 3765 et
1610 3717 1749 3763 veluti
1781 3724 2068 3763 monumenta
2098 3719 2358 3777 sepulchro-

0 3778 3 3791 '
88 3783 208 3830 frum
239 3798 352 3830 esse.
413 3785 568 3829 Dicam
612 3798 695 3842 ego
738 3790 980 3831 auctorem.
1045 3786 1169 3831 Albis
1200 3786 1362 3831 fluvius
1395 3792 1483 3842 cst,
1530 3785 1605 3842 qui
1643 3792 1840 3829 meatum
1880 3789 2039 3829 nactus
2070 3798 2152 3841 per
2181 3790 2358 3829 montes

107 3847 307 3905 inferius,
340 3851 531 3898 subinde
563 3850 786 3909 depressit
817 3853 1138 3908 excavavitque
1174 3865 1301 3898 suum
1334 3850 1521 3897 alveum.
1573 3852 1732 3906 Longa
1762 3853 1885 3894 aetas
1918 3855 1998 3899 est.
2033 3864 2161 3908 quae,
2191 3850 2357 3895 crebris

58 3953 60 3963 ,
92 3913 321 3965 imbribus
353 3918 601 3977 superfusis
631 3917 787 3977 pingui
817 3916 976 3976 glebae
1006 3918 1200 3975 regionis
1244 3917 1530 3975 campestris,
1571 3916 1785 3974 paulatim
1828 3930 1924 3962 eam
1957 3916 2067 3963 eluit
2101 3922 2357 3975 terramque
