2652 4088
268 154 374 213 164
859 152 1145 201 Collectanea
1173 167 1231 200 ex
1261 156 1490 202 codicibus
1521 146 1916 200 Pulkoviensibusi.

269 320 425 355 casuS.
501 302 568 353 Ut
607 309 635 352 9
677 308 726 352 et
764 308 830 353 25
870 305 1017 353 vicini
1055 304 1280 356 differunt
1323 311 1418 369 163
1456 305 1571 356 hinc
1608 302 1796 354 radices
1837 303 1884 358 3,
1925 296 1977 355 4,
2018 297 2067 342 5-
2126 287 2206 341 Ita
2245 293 2311 339 25
2340 292 2388 336 et
2415 290 2513 336 159

267 377 492 428 differunt
535 378 662 435 144:
703 390 818 440 ergo
861 380 1033 443 5,·12,
1078 383 1156 428 13.

442 465 807 513 Demonstratio
824 480 836 511 z

285 541 325 581 Ο.
360 540 399 580 1.
430 539 475 579 2.
508 538 549 578 3.
609 538 649 576 4.
711 536 752 578 5.
816 537 856 578 6.
922 537 964 577 7.
1025 538 1067 579 8.
1129 539 1171 580 9.
1237 539 1307 580 10.
1369 540 1439 581 11.
1504 539 1574 579 12.
1637 537 1708 577 13.
1770 534 1839 573 14.
1904 533 1972 570 15.
2007 530 2077 570 16.
2109 528 2180 570 17.
2214 527 2282 567 18.
2318 526 2388 566 19.
2419 527 2488 566 20.

284 599 328 640 O.
363 599 400 637 1.
431 598 472 636 4.
504 597 543 636 9.
579 596 648 636 16.
680 595 748 636 25.
784 595 854 634 36.
888 596 959 634 49.
994 596 1061 635 64.
1097 597 1166 636 81.
1207 598 1309 639 100.
1342 599 1442 636 121.
1477 598 1575 636 144.
1610 596 1707 635 169.
1742 593 1838 632 196.
1870 590 1968 629 225.

283 733 312 774 0

324 676 367 717 1.
399 673 438 711 3.
471 672 513 714 5.
548 671 586 710 7.
637 671 677 710 9.
734 673 802 713 11.
850 667 1227 714 13.15.17.19.
1290 674 1362 714 21.
1423 673 1493 712 23.
1557 672 1627 715 25,
1690 670 1760 709 27.
1821 669 1892 708 29.

316 733 403 776 .2.
433 733 475 772 2.
508 731 552 770 2.
593 730 634 768 2.
684 730 726 769 2.
807 730 848 769 2.
909 729 948 768 2.
1012 731 1072 785 2.
1118 732 1160 773 2.
1232 733 1274 770 2.
1365 732 1404 770 2.
1507 731 1549 770 2.
1642 731 1686 770 2,
1775 729 1817 769 2.

442 804 493 867 1)
533 803 591 850 In
628 803 750 850 serie
789 812 1096 850 numerorum
1136 810 1250 852 sunt
1288 803 1486 852 alternis
1524 817 1666 866 pares
1706 807 1754 849 et
1791 803 2001 862 impares
2040 795 2339 845 naturaliter.

441 880 492 940 2)
533 875 672 923 Facti
713 891 742 924 a
779 877 884 937 pari
922 890 1062 938 pares
1102 884 1214 924 sunt
1253 876 1330 926 vel
1371 892 1468 924 uno
1509 876 1587 925 vel
1627 880 1845 936 utroque.

441 948 493 1016 3)
531 948 671 996 Facti
709 947 968 996 afduobus
1017 950 1284 1012 imparibus
1335 951 1545 1013 impares
1591 954 1720 996 sunt.
1799 943 1850 1011 4)
1886 945 2015 1007 Ergo
2054 943 2230 992 radicis
2268 942 2397 1005 paris
2436 954 2523 1003 par

527 1020 833 1083 quadratum.
903 1020 953 1086 5)
990 1021 1196 1085 Impar1s
1235 1025 1392 1086 impar
1430 1021 1736 1084 quadratum.

441 1094 492 1159 6)
531 1095 588 1142 In
616 1096 738 1142 serie
778 1093 1124 1156 quadratorum
1165 1102 1278 1144 sunt
1303 1095 1502 1145 alternis
1529 1109 1615 1158 par
1657 1100 1703 1143 et
1743 1095 1914 1155 impar.

447 1168 497 1232 7)
539 1166 659 1215 Cum
699 1173 902 1230 augetur
941 1167 1246 1230 quadratum,
1288 1175 1494 1232 augetur
1531 1182 1617 1230 per
1655 1180 1960 1229 gnomonem.

446 1242 499 1306 8)
541 1238 766 1288 Gnomon
819 1241 972 1288 ambit
1011 1240 1108 1289 duo
1155 1241 1323 1291 latera.
1404 1241 1456 1306 9)
1498 1240 1828 1305 Augmentum
1867 1244 1941 1287 est
1979 1238 2180 1302 duplum
2218 1237 2383 1287 lateris
2424 1236 2523 1301 (vel

532 1311 730 1376 radicis)
769 1311 879 1375 plus
918 1316 1129 1363 unitate.¹

406 1383 491 1453 10)
531 1387 808 1448 Augmenta
847 1388 1010 1434 omnia
1049 1394 1163 1435 sunt
1206 1387 1316 1437 ideo
1356 1388 1574 1451 imparia.
1655 1383 1740 1451 11)
1778 1385 1985 1434 Paribus
2026 1383 2230 1447 adjectis
2269 1383 2526 1446 compositi

531 1459 822 1521 discrepant,
862 1465 916 1507 ut
953 1459 1213 1523 simplices.

407 1531 494 1596 12)
532 1532 854 1581 Numerorum
890 1533 940 1579 in
981 1533 1147 1582 ordine
1185 1533 1394 1582 naturali
1434 1532 1652 1596 duplices
1692 1532 1874 1581 distant
1910 1532 2117 1580 binario,

403 1608 493 1667 13)
533 1605 614 1654 Sic
650 1619 792 1667 pares
833 1605 999 1654 ordine
1038 1606 1221 1655 distant
1258 1613 1305 1655 et
1342 1613 1545 1669 surgunt
1583 1607 1785 1656 binariO.

405 1678 492 1742 14)
533 1678 606 1726 Ex
650 1681 712 1726 12
755 1684 803 1727 et
842 1683 890 1729 9.
932 1677 1290 1740 Quadratorum
1329 1685 1591 1742 augmenta
1629 1684 1851 1728 crescunt
1887 1677 2093 1726 binariO.

404 1753 494 1814 15)
533 1750 820 1800 Differentia
857 1754 986 1814 paris
1027 1759 1074 1801 et
1110 1754 1307 1816 imparis
1346 1759 1421 1801 est
1457 1755 1626 1816 impar.
1709 1751 1796 1815 16)
1834 1750 1908 1799 Ex
1951 1754 2032 1809 15,
2076 1755 2123 1801 6.
2165 1747 2346 1798 Omnes
2387 1747 2526 1798 diffe-

528 1826 712 1873 rentiae
751 1824 1099 1886 quadratorum
1138 1841 1190 1875 se
1228 1827 1628 1888 subsequentium
1668 1831 1782 1873 sunt
1819 1825 2043 1886 impares

408 1897 496 1960 17)
537 1897 609 1944 Ex
655 1901 733 1945 16.
780 1902 860 1946 13.
903 1897 1170 1961 Imparium
1210 1898 1327 1948 ordo
1367 1906 1441 1947 est
1479 1898 1596 1947 ordo
1635 1903 2005 1961 augmentorum
2037 1895 2405 1958 quadratorum.

407 1971 495 2034 18)
535 1967 712 2018 Omnia
750 1970 954 2033 imparia
995 1972 1234 2034 quadrata
1273 1971 1469 2021 tandem
1510 1977 1767 2020 occurrunt
1803 1972 1851 2017 in
1890 1970 2177 2032 augmentis.
2631 2009 2633 2015 .

403 2043 492 2107 19)
532 2041 735 2104 Quoties
774 2045 920 2106 igitur
959 2045 1326 2107 conjunctorum
1365 2044 1569 2094 duorum
1608 2043 1877 2094 differentia
1928 2049 2001 2092 est
2038 2042 2348 2106 quadratum,
2385 2041 2528 2090 toties
2618 2036 2642 2085 ..³

532 2115 674 2164 datur
712 2129 872 2167 casus,
914 2115 1052 2181 (¹⁶’9²⁵·
1075 2113 1277 2186 ¹⁴⁴45¹ffi³0>
2622 2089 2650 2174 J

402 2186 490 2254 20)
531 2187 732 2253 Semper
769 2191 925 2239 minor
965 2197 1040 2241 est
1075 2192 1213 2241 radix
1252 2193 1323 2241 sic
1362 2192 1564 2241 inventa
1599 2205 1687 2256 per
1724 2188 2014 2255 quadratum
2054 2189 2178 2239 inter
2214 2193 2490 2255 augmenta.

2622 2337 2633 2352 -ι
2608 2276 2633 2322 ,;...,.

1189 2350 1623 2416 Praeceptum.

445 2408 629 2501 Impari
666 2437 905 2501 quadrato
944 2437 1108 2505 (quem
1144 2448 1400 2489 numerum
1436 2441 1686 2491 minimum
1713 2436 1894 2506 poscis)
1934 2453 2084 2488 unum
2121 2436 2308 2502 adime:
2346 2435 2528 2487 residui

272 2509 524 2560 dimidium
561 2518 633 2560 est
659 2511 874 2577 medius,
914 2518 1110 2561 auctum
1144 2513 1355 2574 unitate,
1397 2519 1472 2562 est
1496 2514 1671 2576 majus.
1726 2513 1958 2562 Minimus
1997 2518 2103 2562 esto
2132 2517 2178 2574 3,
2204 2513 2268 2573 93
2311 2515 2339 2560 9
2368 2512 2528 2559 minus
2622 2508 2625 2511 ’

274 2599 371 2634 uno
412 2588 460 2646 8,
500 2583 612 2633 dein
655 2590 685 2633 4
724 2584 928 2646 mediuS‚
970 2584 1095 2634 adde
1138 2590 1183 2647 1,
1221 2584 1276 2634 fit
1315 2589 1344 2635 5
1384 2588 1640 2635 maximus.

414 2671 503 2734 21)
542 2671 615 2719 Ex
656 2676 740 2721 20.
779 2671 1010 2719 Minimus
1049 2686 1276 2720 numerus
1317 2674 1406 2722 erit
1443 2688 1634 2736 semper
1670 2675 1840 2736 impar.

411 2745 499 2809 22)
541 2744 611 2791 Ex
656 2746 736 2793 19.
780 2750 865 2796 21.
905 2744 1101 2794 Medius
1142 2746 1232 2794 erit
1267 2760 1370 2808 par,
1410 2748 1648 2794 maximus
1686 2747 1857 2809 impar.

409 2817 498 2880 23)
536 2813 735 2866 Unitate
774 2824 937 2866 tamen
974 2818 1129 2880 major
1166 2820 1408 2866 maximus
1446 2821 1634 2868 minori.

412 2889 501 2955 24)
541 2890 614 2938 Ex
655 2895 701 2939 9.
735 2896 782 2940 et
810 2893 893 2939 20.
936 2889 1237 2951 Quadratum
1275 2893 1459 2939 minimi
1499 2898 1572 2940 est
1611 2891 1776 2941 ordine
1816 2892 2002 2955 integro
2029 2903 2334 2940 numerorum
2359 2891 2524 2955 proxi-

537 2978 667 3011 mum
705 2971 818 3026 post
856 2963 1057 3026 duplum
1091 2963 1253 3012 medii.

415 3032 502 3101 25)
540 3037 668 3099 Ergo
708 3039 894 3086 unitate
934 3035 1222 3085 diminutum
1262 3042 1336 3086 est
1373 3036 1572 3100 duplum
1612 3036 1773 3085 medii.

415 3108 504 3172 26)
543 3109 615 3157 Ex
659 3111 740 3158 19.
779 3109 1023 3158 Maximus
1072 3109 1152 3158 hic
1192 3115 1265 3158 est
1302 3112 1486 3159 unitate
1525 3111 1680 3173 major
1718 3108 1895 3159 medio.

450 3181 702 3231 Hactenus
742 3183 888 3244 igitur
914 3182 1009 3230 duo
1048 3182 1241 3231 fuerunt
1265 3185 1471 3246 proximi
1510 3184 1558 3230 in
1599 3183 1780 3235 ordine.
1846 3182 2117 3246 Quaeritur,
2159 3196 2222 3231 an
2262 3179 2357 3229 duo
2382 3193 2523 3244 pares

280 3255 486 3319 proximi
525 3269 631 3303 cum
670 3257 843 3304 minori
881 3254 1045 3317 aliquo
1084 3261 1316 3319 generent
1355 3255 1478 3305 alias
1515 3256 1737 3319 species?

414 3326 505 3395 27)
542 3328 828 3377 Differentia
865 3330 1054 3390 parium
1095 3335 1168 3378 est
1204 3343 1307 3391 par.

408 3400 496 3464 28)
536 3398 608 3448 Ex
649 3406 679 3449 4
719 3407 766 3450 et
807 3406 890 3449 27.
932 3400 1128 3449 Parium
1166 3401 1436 3451 differentia
1475 3400 1714 3464 quadrata
1753 3408 1826 3452 est
1863 3404 1995 3466 paris
2035 3402 2339 3467 quadratum.

414 3472 503 3536 29)
541 3473 613 3521 Ex
651 3473 727 3521 his
766 3473 861 3522 duo
901 3472 993 3521 soli
1029 3489 1170 3537 pares
1207 3489 1315 3524 esse
1353 3489 1448 3523 non
1486 3479 1715 3537 possunt,
1768 3475 1855 3525 sed
1892 3482 1978 3525 aut
2021 3482 2044 3525 1
2082 3481 2167 3525 aut
2207 3481 2254 3528 3.

414 3543 506 3614 30)
544 3545 664 3594 Tres
700 3561 843 3610 pares
880 3551 995 3595 sunt
1031 3549 1154 3596 inter
1192 3562 1244 3596 se
1284 3549 1554 3611 compositi.

414 3620 506 3682 31)
545 3618 656 3668 Duo
693 3619 842 3682 igitur
878 3633 1021 3682 pares
1058 3621 1264 3683 proximi
1304 3620 1488 3670 nullam
1528 3618 1646 3668 dant
1670 3621 1896 3683 speciem.
