2652 4088
283 167 390 226 182
887 164 1172 211 Collectanea
1204 177 1260 209 ex
1291 163 1520 209 codicibus
1550 162 1942 210 Pulkoviensibus.

282 334 416 377 rum,
455 317 525 364 sie
565 315 950 379 circumscriptus
997 315 1111 363 huic
1148 313 1211 362 ad
1249 319 1530 376 tangentem
1568 320 1732 363 centra
1769 313 2134 376 triangulorum.
2182 312 2250 364 Ut
2280 317 2527 366 8506508

285 392 347 440 ad
389 392 633 438 7946546
663 390 734 436 sic
766 393 1046 437 10000000
1088 386 1151 434 ad
1192 392 1464 446 9341723,
1518 394 1728 450 quantus
1766 393 1840 435 est
1876 392 2082 448 tangens
2128 388 2177 434 in
2229 387 2532 438 dodecaedro

281 462 443 512 media
479 465 660 523 puncta
697 461 919 511 laterum.
995 460 1077 508 Sic
1113 458 1375 522 respondet
1412 459 1662 509 rhombico
1700 460 1847 522 hujus
1887 460 2092 521 generis.
2168 459 2230 508 Et
2267 461 2316 507 in
2354 476 2531 523 genere

285 537 343 584 de
382 534 458 582 his
497 531 687 580 duobus
728 548 894 582 verum
934 539 1028 582 est:
1068 538 1121 580 ut
1148 534 1535 595 circumscriptus
1561 533 1751 596 angulis
1790 532 1850 580 ad
1879 534 2159 594 inscriptum
2183 532 2344 595 planis
2369 534 2535 582 rhom-

282 609 417 668 bicis,
457 607 528 654 sic
568 607 955 669 circumscriptus
994 605 1187 668 angulis
1224 607 1355 654 misti
1394 604 1458 653 ad
1495 607 1777 668 inscriptum
1814 604 1960 667 plano
1998 607 2227 656 maximo,
2296 605 2393 654 Sed
2431 608 2534 670 jam

284 682 391 730 vice
429 693 595 739 versa,
646 684 700 726 ut
749 681 1008 741 inscriptus
1056 678 1216 741 planis
1261 679 1484 726 maximis
1533 679 1596 727 ad
1635 680 1916 740 inscriptum
1967 677 2125 740 planis
2174 679 2410 740 minimis,
2463 682 2534 729 sic

285 752 669 814 circumscriptus
709 751 901 814 angulis
940 751 1177 800 rhombici
1216 751 1522 799 brevioribus
1561 751 1624 799 ad
1663 752 2072 813 circumscriptum
2110 751 2302 813 angulis
2340 751 2535 815 longio-

283 827 443 886 ribuS‚
485 830 533 873 et
571 829 765 884 contra,
804 831 858 872 ut
895 826 1152 887 inscriptus
1191 824 1338 887 plano
1376 824 1626 873 rhombico
1664 823 1728 872 ad
1766 825 2178 887 circumscriptum
2219 825 2534 886 brevioribus,

284 902 355 948 sic
395 899 651 959 inscriptus
690 899 901 946 minimis
940 898 1100 960 planis
1139 897 1202 946 ad
1241 899 1653 960 circumscriptum
1693 896 1900 959 angulis,

460 970 622 1032 Quare
648 976 702 1017 ut
728 971 880 1018 cubus
908 969 1150 1031 octae'dro‚
1191 969 1528 1019 dodecaedron
1555 970 1808 1019 icosae'dro
1834 983 1989 1032 aeque
2016 969 2159 1030 altuS,
2199 969 2356 1019 eidem
2390 972 2537 1019 etiam

285 1042 616 1106 inscriptibilis
667 1049 739 1091 est
779 1049 827 1091 et
864 1043 1352 1106 circumscriptibiliS,
1404 1046 1472 1091 ita
1521 1042 1782 1092 verisimile
1831 1049 1879 1092 et
1917 1042 1996 1091 hic
2042 1049 2139 1103 est,
2191 1043 2537 1106 aequalitatem

285 1123 610 1182 permutatam
649 1117 838 1173 orbium
877 1117 1066 1165 trahere
1104 1119 1250 1165 etiam
1287 1118 1526 1165 rationem
1564 1117 1908 1179 inscriptionis.
1970 1113 2109 1164 Utin
2134 1114 2339 1165 rhombo
2365 1117 2537 1166 cubico

287 1189 454 1253 anguli
493 1190 733 1237 acutiores
762 1194 789 1237 6
818 1191 948 1252 iique
975 1196 1023 1238 et
1049 1190 1272 1250 altiores,
1314 1189 1481 1253 anguli
1521 1189 1792 1238 obtusiores
1820 1193 1849 1237 8
1879 1195 1927 1238 et
1965 1188 2196 1251 depressi,
2235 1189 2383 1252 plana
2423 1203 2537 1239 vero

292 1269 376 1325 12,
415 1262 571 1311 latera
611 1267 694 1323 24,
734 1263 804 1311 sic
841 1264 890 1310 in
927 1265 1071 1311 misto
1110 1264 1282 1311 cubico
1320 1262 1469 1325 plana
1507 1262 1745 1325 quadrata
1773 1268 1800 1311 6
1830 1268 1878 1310 et
1915 1263 2141 1325 propiora
2167 1269 2346 1323 centr0,
2385 1264 2539 1326 trigo-

287 1339 399 1385 nica
441 1340 470 1384 8
512 1341 559 1384 et
596 1338 857 1384 remotiora
894 1350 924 1384 a
962 1344 1152 1397 centro,
1193 1336 1359 1399 anguli
1399 1350 1515 1385 vero
1558 1341 1647 1395 12,
1685 1335 1839 1384 latera
1880 1341 1962 1384 24.
2037 1334 2167 1383 Hinc
2205 1337 2247 1383 si
2284 1335 2539 1385 rhombum

284 1411 430 1458 misto
469 1407 593 1457 velis
631 1409 915 1468 inscribere,
956 1415 1125 1457 acutos
1164 1415 1281 1471 apta
1320 1411 1494 1458 centris
1522 1408 1895 1471 quadratorum,
1947 1409 2109 1457 obtusi
2146 1409 2437 1472 spectabunt
2476 1409 2540 1458 ad

289 1489 453 1532 centra
488 1483 802 1544 trigonorum,
842 1481 929 1531 sed
967 1496 1063 1530 non
1102 1488 1318 1545 tangent,
1357 1481 1612 1545 planorum
1652 1495 1766 1531 vero
1804 1481 2114 1530 rhomborum
2140 1487 2305 1531 centra
2342 1488 2540 1545 specta-

287 1557 410 1607 bunt
448 1569 501 1603 se
541 1559 872 1616 superstantes
913 1561 960 1603 et
997 1561 1216 1618 tegentes
1253 1554 1474 1616 angulos,
1552 1555 1604 1604 Si
1645 1561 1812 1603 contra
1849 1556 2044 1603 mistum
2083 1554 2286 1603 rhombo
2333 1557 2541 1618 inscrip-

289 1631 426 1693 seriS,
468 1632 532 1676 12
573 1629 703 1675 misti
743 1627 950 1689 angulos
989 1635 1107 1691 apta
1149 1633 1212 1676 12
1252 1630 1427 1677 centris
1474 1627 1728 1691 planorum
1779 1628 2057 1691 abeuntque
2106 1629 2324 1691 proxime
2361 1628 2424 1677 ab
2462 1630 2542 1675 in-

288 1703 449 1750 vicem
487 1700 650 1748 obtusi
690 1706 738 1748 et
776 1700 1034 1762 triangula,
1073 1700 1267 1763 longius
1306 1702 1436 1749 acuti
1475 1708 1523 1750 et
1562 1700 1914 1764 quadrangula.

465 1772 602 1821 Idem
643 1778 748 1821 esto
789 1773 847 1822 de
886 1774 1090 1822 rhombo
1130 1773 1419 1823 dodecaejdri
1458 1779 1507 1823 et
1543 1777 1687 1822 misto
1720 1774 1974 1836 judicium.
2037 1773 2092 1821 In
2131 1773 2335 1823 rhombo
2375 1773 2544 1837 anguli

296 1847 540 1895 acutiores
579 1850 627 1894 et
674 1846 961 1909 inscriptiles
1006 1852 1092 1908 12,
1149 1848 1422 1896 obtusiores
1461 1852 1557 1908 20,
1606 1847 1755 1910 plana
1795 1853 1890 1908 30,
1940 1846 2094 1895 latera
2134 1853 2217 1895 60.
2294 1847 2351 1895 In
2397 1849 2542 1897 misto

288 1917 656 1984 quinquangula
698 1924 778 1978 12,
820 1920 1065 1983 triangula
1104 1925 1187 1981 20,
1226 1921 1394 1982 anguli
1435 1925 1518 1980 30,
1559 1919 1713 1969 latera
1754 1925 1837 1971 60.
1914 1919 2172 1982 Inscriptio
2212 1918 2397 1969 eadem.

465 1991 677 2040 Rhombi
716 1993 1011 2055 respondent
1048 1995 1303 2056 primariis,
1343 1993 1459 2055 quia
1495 2000 1608 2042 sunt
1640 1998 1902 2055 augmenta
1925 1994 2259 2055 primariorum
2284 2000 2332 2042 et
2368 2007 2544 2042 sccun-

291 2058 535 2115 dariorum
582 2067 850 2114 mistorum.
937 2065 1089 2115 Mista
1136 2066 1431 2130 respondent
1481 2066 1809 2127 secundariis,
1874 2068 1991 2128 quia
2037 2072 2151 2115 sunt
2197 2066 2541 2116 diminutiones

289 2140 625 2202 primariorum
666 2145 714 2186 et
737 2138 1160 2200 secundariorum,
1208 2146 1259 2189 et
1310 2141 1426 2203 quia
1474 2140 1627 2189 cubus
1664 2141 1946 2204 primarium
1972 2142 2184 2188 associat
2220 2154 2273 2190 se
2311 2140 2540 2203 rhombis,

293 2211 553 2262 octae‘dron
592 2211 932 2261 secundarium
970 2214 1141 2261 mistis.

463 2284 627 2334 Sima
666 2287 883 2334 oriuntur
920 2301 978 2335 ex
1017 2287 1189 2346 misna,
1229 2299 1337 2334 cum
1375 2290 1480 2334 tota
1518 2284 1698 2334 cadunt
1733 2286 1889 2334 latera
1927 2292 1976 2335 et
2013 2284 2180 2348 anguli
2216 2288 2300 2348 sic,
2341 2292 2395 2335 ut
2431 2286 2540 2337 loco

289 2356 591 2420 singulorum
630 2359 918 2420 angulorum
967 2360 1082 2408 bina
1124 2361 1324 2407 veniant
1361 2359 1629 2421 triangula,
1682 2358 1908 2422 aequalia
1946 2365 1996 2408 et
2031 2359 2212 2408 similia
2249 2359 2442 2409 residuo
2481 2375 2542 2409 ex
2624 2394 2632 2403 -

289 2432 438 2495 priori
474 2431 747 2494 triangu103
789 2438 837 2480 et
874 2431 924 2479 id
963 2432 1157 2494 quidem
1196 2431 1440 2481 residuum
1481 2431 1647 2481 itidem
1686 2439 1760 2481 est
1784 2430 2019 2495 regulare.
2070 2431 2193 2481 Item
2232 2435 2355 2481 situs
2381 2447 2541 2497 angu-

289 2504 446 2552 lorum
485 2504 740 2566 planorum
788 2506 1004 2553 variatur
1055 2512 1104 2554 et
1140 2507 1468 2567 intorquetur,
1521 2504 1606 2554 sed
1656 2505 1905 2554 inclinatio
1951 2511 2127 2556 manet.
2202 2504 2301 2556 Sed
2339 2507 2385 2553 in
2426 2521 2540 2557 vere

289 2578 450 2624 mistis
490 2579 637 2625 etiam
677 2577 920 2641 triangula
957 2583 1063 2626 tota
1102 2577 1274 2627 cadere
1311 2592 1510 2627 necesse
1549 2584 1623 2626 est
1660 2586 1709 2627 et
1745 2592 1832 2641 pro
1871 2579 1930 2626 iis
1977 2577 2291 2642 profundiora
2328 2581 2541 2643 antiquis
2593 2616 2596 2619 ,

290 2649 527 2713 parallela
566 2652 796 2699 constitui
835 2665 990 2712 eaque
1029 2657 1078 2699 et
1116 2653 1223 2712 ipsa
1262 2651 1458 2713 oblique
1497 2652 1667 2701 secari.
1743 2651 1892 2699 Fiunt
1941 2651 2409 2714 quinquelinearium
2450 2667 2540 2702 an-

292 2722 532 2786 gulorum.
610 2722 797 2771 Simum
837 2723 1217 2784 tetratetraiidri,
1270 2723 1318 2774 h.
1358 2738 1398 2772 e.
1440 2723 1680 2783 octaedri,
1733 2730 1806 2772 est
1845 2723 2145 2772 icosae‘dron.
2223 2724 2366 2787 Quod
2403 2726 2456 2775 fit
2494 2728 2540 2774 in

293 2794 537 2856 octae’dro,
575 2795 718 2844 facile
758 2797 1036 2845 transfertur
1075 2798 1123 2843 in
1162 2795 1462 2857 tetrae'dron,
1514 2797 1766 2860 designato
1804 2798 1977 2845 minori
2026 2798 2175 2860 plano
2225 2813 2312 2862 per
2361 2802 2540 2849 sectio-

290 2883 378 2918 nes
415 2868 616 2917 mediaS.

464 2941 518 2990 Si
557 2942 724 3004 anguli
761 2941 894 3004 plani
933 2941 1218 2991 ieosae’drici
1257 2946 1585 3004 competerent
1622 2943 1669 2989 in
1709 2941 1870 2991 media
1905 2942 2074 3003 latera,
2115 2949 2230 2993 tunc
2267 2943 2396 2993 latus
2434 2946 2540 2995 ico-

293 3013 565 3063 saedricum
605 3021 733 3063 esset
772 3014 1022 3063 dimidium
1070 3014 1356 3073 octaedrici,
1411 3028 1476 3062 sc.
1523 3019 1784 3064 7071068.
1861 3015 1945 3063 Sin
1995 3022 2158 3066 autem
2204 3019 2252 3064 in
2291 3025 2538 3081 punctum,

300 3086 431 3150 quod
470 3092 603 3136 secat
640 3089 675 3157 ὲ
715 3087 773 3136 de
810 3089 869 3157 ξ,
922 3095 1037 3136 tunc
1064 3085 1234 3136 >essent
1270 3086 1690 3150 perpendicularia
1726 3096 1774 3137 et
1813 3090 2060 3150 quantitas
2102 3095 2368 3140 8164966.
2443 3091 2540 3140 Sed

296 3161 412 3223 quia
450 3174 508 3208 ex
546 3162 858 3224 proportione
885 3162 1221 3224 inscriptorum
1248 3159 1376 3209 latus
1407 3165 1652 3209 7639320
1678 3163 1909 3223 sequitur,
1952 3176 2066 3224 ergo
2106 3163 2390 3212 intermedio
2430 3164 2538 3213 loco

298 3232 478 3282 cadunt
516 3235 684 3294 anguli
722 3234 871 3296 plani.
939 3233 1062 3282 Cum
1099 3240 1261 3283 autem
1298 3235 1545 3297 proportio
1585 3236 1785 3282 extremi
1823 3241 1871 3282 et
1907 3235 2053 3284 medii
2093 3238 2156 3285 sit
2193 3238 2316 3285 inter
2356 3236 2383 3306 ᾖ
2416 3242 2464 3286 et
2489 3237 2538 3306 -ξ,

294 3305 453 3355 adhuc
491 3305 550 3354 de
588 3306 674 3355 illa
709 3300 920 3369 suspicio
961 3313 1050 3356 est.

467 3377 521 3427 Si
561 3385 795 3441 quaterna
834 3380 1091 3429 octae'drici
1131 3378 1297 3443 anguli
1334 3378 1488 3427 latera
1513 3383 1738 3427 secantur
1772 3382 2210 3443 proportionaliter,
2249 3383 2320 3432 sic
2344 3384 2539 3432 uthina

302 3456 351 3499 et
387 3451 504 3500 bina
544 3454 771 3515 opposita
807 3451 1023 3502 habeant
1060 3453 1257 3502 alternis
1294 3451 1517 3515 longiora
1541 3456 1589 3500 et
1615 3451 1838 3501 breviora
1875 3453 2028 3503 latera
2064 3455 2113 3502 in
2143 3470 2291 3504 unum
2329 3455 2539 3505 solidum
2594 3491 2596 3493 -

296 3527 643 3586 concurrentia,
685 3531 732 3573 et
768 3532 951 3588 puncta
990 3530 1335 3574 connectantur
1374 3530 1440 3574 24
1477 3524 1618 3572 lineis
1655 3525 1704 3571 in
1731 3524 1948 3588 planitie,
1991 3531 2018 3576 6
2046 3527 2187 3577 lineis
2213 3530 2304 3577 sub
2330 3529 2537 3592 angulis,

295 3602 412 3644 tunc
447 3599 496 3643 in
536 3598 762 3646 octae'dro
803 3598 1092 3660 descriptum
1132 3605 1205 3648 est
1242 3597 1541 3647 icosae'dron.
1593 3596 1716 3645 Nam
1749 3601 1865 3660 quia
1902 3601 2195 3663 triangulum
2232 3602 2356 3650 inter
2380 3616 2539 3665 oppo-

299 3670 394 3716 sita
432 3668 586 3718 latera
626 3676 673 3719 et
712 3670 906 3719 ductam
942 3671 1120 3720 lineam
1169 3674 1504 3733 aequicrurum
1542 3675 1636 3730 est,
1689 3685 1803 3733 ergo
1841 3678 1895 3721 ut
1933 3687 2071 3722 crura
2116 3675 2260 3722 unius
2299 3674 2362 3722 ad
2401 3689 2538 3723 crura

299 3740 511 3802 alterius,
551 3743 619 3791 sic
657 3744 787 3791 basis
815 3744 964 3808 (linea
990 3743 1155 3807 ducta)
1194 3746 1335 3792 unius
1372 3742 1436 3791 ad
1473 3744 1612 3791 basin
1651 3741 1846 3793 alterius
1884 3746 1990 3793 sive
2014 3745 2211 3806 lineam,
2252 3762 2375 3809 quae
2402 3754 2538 3796 extra

299 3813 797 3878 schematographiam
853 3815 963 3864 duci
1002 3817 1204 3879 jubetur
1253 3816 1313 3864 ad
1362 3815 1817 3866 demonstrationem
1861 3818 2218 3881 perficiendam.
2294 3819 2361 3868 At
2399 3834 2536 3869 crura

299 3890 412 3937 sunt
447 3887 497 3934 in
532 3893 650 3943 nota
687 3894 735 3939 et
770 3890 1020 3953 proposita
1056 3890 1381 3954 proportione,
1421 3902 1535 3955 ergo
1575 3895 1621 3938 et
1659 3889 1817 3941 bases.
1870 3889 2032 3952 Quare
2069 3891 2448 3943 demonstrativa
2473 3891 2535 3942 ad
