2652 4088
1032 135 1066 180 Ι.
1099 133 1432 181 Mathematica.
1912 183 1924 202 Ι
2247 134 2350 189 157

35 298 38 299 ⁷
109 287 276 334 insunt
319 285 489 347 rebus,
539 283 784 348 quomodo
822 283 958 347 ipsae
1007 285 1218 334 unitates
1266 284 1411 334 rebus
1462 283 1640 331 insunt.
1730 280 1796 330 At
1833 281 1918 333 lib.
1957 280 2027 331 X.
2067 280 2184 333 Met.
2226 298 2265 334 e.
2307 289 2355 336 2.

28 370 33 374 “
111 359 396 422 explicatur,
435 358 680 422 quomodo
720 357 969 422 quaelibet
1007 371 1082 406 res
1120 358 1184 406 sit
1223 372 1372 406 unum
1411 356 1540 419 quid.
1588 355 1714 404 Nam
1755 354 2004 418 quaelibet
2030 371 2122 417 res,
2164 371 2220 406 eo
2248 359 2355 419 ipso

112 431 245 494 quod
283 441 357 481 est
395 439 443 482 et
481 447 539 481 eo
577 431 723 480 modo
763 445 859 494 quo
899 435 985 491 est,
1026 444 1123 479 una
1163 433 1309 480 etiam
1349 436 1438 491 est,
1480 444 1589 478 oum
1629 443 1713 478 ens
1754 435 1801 477 et
1827 443 1975 476 unum
2014 437 2357 479 convertantur

110 507 237 554 inter
274 519 342 557 se.
392 505 503 554 Non
539 511 702 568 potest
737 506 883 568 igitur
920 519 950 552 a
987 517 1038 551 re
1077 502 1178 552 ulla
1215 504 1393 552 auferri
1432 509 1518 552 aut
1555 504 1768 565 separari
1807 516 1898 550 sua
1934 504 2095 552 unitas
2133 511 2357 552 manent-

113 592 207 640 que
244 578 338 628 hae
392 580 603 627 unitates
643 580 690 625 in
728 578 897 637 rebuS,
950 578 1175 639 quamvis
1224 577 1419 626 sublato
1465 574 1712 624 intellectu
1762 582 2060 624 numerante.
2137 576 2358 640 Cumque

112 653 323 700 essentia
366 653 510 699 unius
559 654 623 699 sit
658 652 947 714 principium
996 649 1243 712 quoddam
1293 651 1436 698 rebus
1489 649 1551 696 ad
1598 663 1847 697 numerum
1886 646 1966 714 (V.
2006 648 2126 698 Met.
2171 647 2262 716 6.),
2302 655 2360 719 ἱιη

111 738 342 773 numerus
381 725 585 786 quilibet
623 725 687 771 sit
722 723 877 772 multa
913 737 1026 779 una,
1068 724 1155 770 erit
1196 724 1361 786 itaque
1388 723 1534 771 etiam
1559 722 1652 770 hoc
1689 728 1835 784 pacto
1874 735 2100 771 numerus
2140 724 2188 769 in
2215 723 2360 772 rebus

111 798 246 859 ipsis.
320 796 448 845 Nam
486 804 724 859 quatenus
763 811 839 845 res
876 809 971 844 non
1013 796 1251 856 differunt,
1292 810 1440 843 unum
1480 795 1596 857 quid
1634 800 1761 855 suut,
1802 801 1850 844 et
1889 796 2020 857 quod
2057 795 2240 844 nullam
2267 795 2359 844 ad-

112 871 261 917 mittit
298 871 345 916 in
385 884 438 918 se
478 869 808 918 diversitatem
855 875 940 917 aut
978 867 1292 931 divisionem,
1339 869 1548 916 maxime
1597 881 1744 915 unum
1785 872 1872 916 est.
1951 867 2076 932 Ergo
2117 875 2359 931 quatenus

111 956 188 990 res
227 941 463 1002 differunt,
504 941 684 991 multae
721 942 843 990 fiunt
870 948 917 990 et
941 947 1016 989 tot
1047 942 1260 990 unitates
1285 956 1442 990 rerum
1472 942 1842 1001 constituuntur,
1882 940 2013 1002 quod
2052 948 2165 989 sunt
2204 944 2362 990 omni-

111 1013 287 1063 modae
324 1016 374 1062 in
411 1020 514 1063 toto
553 1029 711 1063 rerum
747 1015 975 1064 universo
1015 1013 1324 1064 diversitates
1364 1029 1513 1063 eausa
1549 1014 1760 1076 generis,
1818 1014 2023 1075 speciei,
2078 1014 2357 1075 accidentis,

110 1087 223 1148 loci,
263 1089 492 1150 temporis
530 1093 579 1135 et
616 1088 949 1150 cujuscunque
976 1087 1102 1136 alius
1127 1088 1540 1147 circumstantiae,
1581 1093 1636 1135 ut
1673 1086 1915 1149 colligitur
1941 1100 1999 1134 ex
2029 1086 2140 1138 VII.
2169 1087 2287 1136 Met.
2314 1093 2357 1136 1.

111 1159 297 1210 Verum
333 1166 552 1223 respectu
591 1159 788 1209 alterius
825 1159 1109 1223 particulae,
1149 1160 1425 1220 multitud0,
1465 1161 1652 1208 numeri
1690 1173 1785 1207 non
1823 1164 1936 1207 sunt
1974 1165 2108 1207 extra
2140 1161 2364 1209 intellec-

13 1243 45 1274 ‘-
119 1241 239 1282 tum.
314 1233 439 1282 Nam
477 1234 593 1281 foris
632 1235 680 1280 in
717 1233 863 1282 rebus
901 1232 1035 1281 nulla
1075 1240 1147 1282 est
1184 1228 1422 1281 unitatum
1463 1234 1510 1279 in
1551 1247 1698 1280 unam
1736 1246 1974 1280 summam
2015 1232 2237 1281 collectio
2278 1239 2363 1281 aut

121 1308 437 1369 comparati0‚
476 1306 561 1355 sed
601 1306 695 1355 hoc
735 1321 875 1355 omne
913 1312 987 1354 est
1024 1307 1197 1354 mentis
1238 1321 1373 1369 opus.
1436 1307 1576 1354 Foris
1619 1310 1718 1353 100
1758 1308 1968 1354 unitates
2007 1306 2272 1367 hominum,
2313 1311 2361 1355 et

18 1436 19 1447 γ
118 1385 219 1429 100
258 1381 471 1428 unitates
511 1393 743 1442 equorum
782 1385 896 1427 sunt
936 1383 1038 1428 200
1078 1382 1306 1439 unitates,
1346 1381 1451 1427 sive
1481 1384 1509 1427 2
1537 1379 1749 1439 numeri;
1789 1384 1840 1426 at
1879 1380 1926 1424 in
1966 1378 2212 1429 intellectu
2238 1393 2365 1428 unus

18 1450 50 1495 ’.
115 1459 188 1502 est
224 1467 468 1512 numerus,
512 1458 612 1501 100
652 1454 865 1502 virorum
905 1458 953 1501 et
993 1457 1094 1500 100
1136 1467 1368 1514 equorum
1408 1449 1517 1515 (IV.
1543 1451 1633 1499 Ph.
1666 1448 1784 1517 12).
1859 1451 1998 1500 Foris
2037 1457 2148 1500 sunt
2184 1466 2366 1515 prope-

19 1522 21 1531 ‘
116 1525 313 1574 modum
352 1525 567 1574 infinitae
608 1527 819 1575 unitates
857 1527 907 1573 in
944 1525 1036 1585 his,
1078 1527 1128 1572 in
1165 1525 1413 1574 intellectu
1455 1532 1529 1575 est
1564 1526 1709 1573 unica
1747 1525 1924 1576 unitas,
1974 1524 2077 1575 Nec
2102 1524 2264 1575 hercle
2288 1539 2365 1575 res

20 1591 23 1619 ³
112 1598 236 1647 haec
271 1601 449 1648 rectius
501 1598 733 1662 explicari
769 1604 958 1662 potest,
1011 1612 1156 1660 quam
1195 1597 1510 1648 similitudine
1560 1597 1907 1650 universalium
1948 1604 1995 1648 et
2033 1598 2366 1661 singularium.

24 1724 26 1741 γ
116 1670 536 1733 Quemadmodum
577 1673 704 1720 enim
743 1670 1046 1732 universale,
1099 1677 1218 1733 puta
1270 1674 1457 1735 speeies
1495 1678 1580 1721 aut
1618 1685 1796 1735 genus,
1851 1676 1923 1720 est
1969 1687 2152 1721 merum
2192 1673 2366 1721 mentis

24 1759 27 1780 1
116 1759 237 1808 opus
277 1752 326 1794 et
362 1745 481 1793 nihil
518 1752 653 1795 extra
689 1744 1002 1805 intellectum,
1043 1746 1111 1793 ita
1150 1747 1295 1793 etiam
1334 1761 1575 1795 numerus,
1629 1744 1691 1793 Et
1729 1745 1855 1792 sicut
1891 1747 2078 1808 speeies
2107 1745 2183 1802 vel
2211 1760 2366 1809 genus

25 1817 28 1829 '
121 1832 219 1867 non
257 1818 370 1868 ideo
409 1825 484 1868 est
521 1818 580 1868 de
618 1817 786 1879 nihilo,
827 1818 912 1868 sed
953 1817 1198 1879 objectum
1239 1818 1345 1881 ejus
1382 1826 1495 1867 sunt
1531 1817 1812 1880 singularia,
1853 1819 1949 1866 imo
1991 1825 2125 1868 extra
2158 1825 2367 1868 mentem

28 1887 29 1891 ’
116 1893 304 1954 species
341 1890 465 1940 nihil
502 1898 589 1953 est,
628 1906 775 1954 quam
815 1891 1096 1955 singularia,
1137 1893 1205 1940 ita
1243 1907 1470 1942 numerus
1510 1906 1705 1955 quoque
1746 1897 1881 1940 extra
1907 1892 2205 1941 intellectum
2245 1892 2367 1940 nihil

29 1973 32 2010 ὲ
116 1972 190 2013 est
228 1963 385 2025 aliud,
424 1980 571 2028 quam
610 1967 746 2028 ipsae
783 1979 940 2013 rerum
981 1966 1206 2016 unitates.
1282 1965 1392 2015 Hoc
1424 1966 1528 2028 jam
1569 1964 1825 2014 discrimen
1866 1971 1959 2024 est,
2010 1965 2138 2028 quod
2179 1967 2367 2029 species

32 2063 33 2067 =
114 2051 212 2086 non
249 2043 411 2100 potest
447 2039 654 2100 intelligi
694 2038 753 2086 de
793 2037 903 2087 ullis
942 2037 1051 2086 aliis
1091 2037 1443 2101 singularibus,
1500 2053 1646 2101 quam
1686 2038 1814 2086 unde
1853 2039 2099 2087 abstracta
2139 2045 2225 2087 est.
2304 2038 2370 2087 At

32 2111 33 2115 ’
115 2124 368 2172 numerus,
409 2118 463 2159 ut
500 2127 646 2174 supra
687 2111 892 2172 dictum,
947 2113 1215 2159 communis
1257 2127 1362 2161 esse
1400 2118 1562 2174 potest
1602 2111 1971 2174 quibuscunque
2021 2112 2188 2173 rebuS,
2240 2126 2365 2174 quae

34 2175 36 2208 ³
115 2183 317 2232 totidem
356 2191 580 2233 constant
617 2184 909 2245 unitatibuS,
963 2191 1081 2247 quot
1120 2190 1256 2232 erant
1294 2185 1432 2246 illae,
1474 2201 1532 2234 ex
1573 2186 1749 2248 quibus
1788 2199 2015 2233 numerus
2053 2186 2096 2233 is
2137 2184 2370 2234 collectus

36 2295 38 2309 i
117 2264 205 2305 est.
281 2257 453 2320 Itaque
501 2257 909 2320 quemadmodum
960 2257 1183 2306 accidens
1235 2272 1391 2306 rerum
1430 2264 1503 2308 est
1539 2258 1769 2321 intelligi,
1818 2260 1887 2306 ita
1926 2260 2072 2307 etiam
2110 2261 2365 2318 numerari,

38 2349 39 2359 ¹
118 2336 166 2378 et
195 2330 610 2393 *quemadmodum
649 2330 942 2390 intellectio,
983 2334 1053 2379 sic
1091 2337 1138 2379 et
1175 2333 1446 2381 numeratio
1486 2347 1516 2381 a
1553 2332 1697 2381 rebus
1736 2331 1908 2380 abesse
1946 2338 2175 2396 possunt,
2227 2331 2370 2380 salva

71 2428 76 2435 ·
119 2403 334 2466 ipsarum
371 2405 702 2453 subsistentia.
780 2403 904 2452 Nam
946 2409 1107 2453 essent
1146 2404 1259 2452 illae
1299 2411 1471 2468 suapte
1509 2412 1683 2454 natura
1722 2404 1916 2468 quidem
1955 2424 2117 2470 ἰὀηται
2144 2411 2190 2454 et
2216 2402 2370 2471 ἀριθ-

116 2494 272 2540 μηται,
313 2477 643 2540 intelligibiles
685 2483 732 2525 et
757 2477 1096 2537 numerabileS‚
1138 2479 1226 2526 etsi
1253 2493 1283 2526 a
1308 2478 1443 2528 nulla
1470 2486 1629 2528 mente
1668 2497 1940 2542 τενοημεναι
1966 2484 2013 2528 et
2038 2477 2370 2543 ἠριθμημεναι,

118 2548 367 2598 intellecta
414 2557 462 2600 et
508 2557 761 2599 numerata
811 2556 996 2611 essent,
1047 2557 1099 2598 ut
1149 2557 1222 2599 est
1259 2551 1346 2599 IV.
1388 2552 1476 2600 Ph.
1528 2567 1568 2601 c.
1614 2557 1694 2601 14.
1775 2552 1935 2614 Atque
1990 2552 2112 2600 adeo
2162 2552 2370 2601 facultas

118 2622 404 2671 numerandi
441 2626 728 2687 principium
770 2624 1015 2686 quoddam
1057 2630 1130 2673 est
1168 2624 1414 2673 facultatis
1453 2625 1780 2689 intelligendi,
1822 2639 1980 2688 neque
2019 2625 2164 2674 homo
2205 2631 2373 2688 posset

120 2695 402 2758 intelligere,
444 2699 486 2745 si
524 2700 731 2746 nesciret
769 2712 1032 2746 numerare.
1097 2697 1221 2745 Nam
1259 2698 1523 2747 intellectio
1551 2700 1772 2747 consistit
1809 2699 1855 2744 in
1896 2698 2149 2747 identitate
2188 2706 2235 2747 et
2276 2699 2371 2746 dif-

121 2767 333 2817 ferentiis
371 2784 551 2823 rerum,
605 2779 657 2817 ut
696 2785 1074 2833 cognoscamus,
1126 2785 1253 2833 quae
1291 2786 1367 2819 res
1406 2773 1503 2820 sint
1539 2771 1691 2833 idem,
1742 2786 1866 2834 quae
1907 2771 2169 2820 diversum.
2245 2772 2370 2820 Tum

123 2842 248 2889 enim
287 2844 465 2891 scimus
504 2843 705 2906 aliquid,
748 2857 856 2892 cum
894 2847 962 2893 rei
1001 2846 1180 2893 scimus
1214 2846 1490 2895 essentiam.
1567 2846 1840 2894 Essentiam
1880 2859 1994 2894 vero
2036 2847 2372 2908 cognoscimus

120 2927 206 2976 per
244 2914 588 2977 definitionem,
630 2931 755 2979 quae
796 2923 869 2965 est
909 2919 1045 2982 λογος
1082 2914 1262 2974 οὗσιας.
1330 2918 1564 2967 Definitio
1605 2933 1720 2968 vero
1759 2923 1952 2966 constat
1990 2933 2163 2982 genere
2202 2925 2250 2966 et
2276 2918 2371 2965 dif-

121 2987 343 3050 ferentia;
395 3003 561 3051 porro,
617 3004 766 3039 causa
817 2992 1007 3052 generis
1054 3004 1130 3038 res
1179 2996 1293 3038 sunt
1342 2990 1494 3053 idem,
1547 3006 1695 3041 causa
1735 2991 2054 3052 differentiae,
2109 2990 2368 3040 diversum.

122 3057 271 3108 Porro
318 3076 467 3110 unum
515 3070 563 3111 et
600 3062 727 3112 idem
779 3069 1151 3124 convertuntur3
1202 3078 1355 3126 genus
1405 3066 1570 3127 itaque
1624 3071 1670 3114 et
1722 3066 1907 3127 species
1961 3070 2009 3112 et
2047 3064 2370 3127 quodcunque

121 3134 469 3183 universalium
519 3143 594 3184 est
644 3135 883 3199 quaedam
935 3138 1110 3186 unitas.
1197 3136 1311 3185 Jam
1369 3137 1664 3187 differentiae
1717 3153 1883 3186 omnes
1935 3143 2048 3185 sunt
2100 3139 2370 3200 oppositae,

124 3209 454 3269 oppositiones
493 3223 659 3259 omnes
697 3209 759 3258 ad
798 3210 924 3257 hanc
961 3224 1106 3258 unam
1148 3216 1196 3258 et
1231 3212 1432 3272 primam
1474 3210 1770 3274 rediguntur,
1811 3216 1863 3258 ut
1903 3211 2064 3258 omnia
2102 3219 2185 3258 aut
2223 3224 2373 3259 unum

123 3287 209 3327 aut
246 3280 399 3329 multa
438 3281 672 3331 dicantur.
738 3283 793 3330 In
828 3283 956 3331 hunc
994 3282 1189 3331 modum
1229 3283 1444 3346 loquitur
1481 3284 1769 3332 Aristoteles
1811 3283 1872 3331 V.
1901 3283 2018 3331 Met.
2049 3296 2087 3330 c.
2121 3288 2173 3331 6:
2215 3285 2371 3346 prima

129 3364 338 3415 namque
378 3369 602 3404 mensura
629 3355 864 3419 cujusque
890 3358 1078 3418 generis
1105 3357 1394 3419 principium
1435 3362 1522 3405 est.
1588 3357 1710 3404 Nam
1751 3354 1882 3417 quod
1921 3356 2074 3418 primo
2114 3358 2372 3418 cognosci-

125 3438 248 3485 mus,
288 3425 407 3474 iliud
445 3429 600 3490 prima
637 3435 712 3477 est
749 3430 798 3476 in
838 3428 1058 3491 quolibet
1095 3443 1269 3492 genere
1309 3444 1548 3478 mensura.
1612 3429 1908 3490 Principium
1946 3431 2111 3491 itaque
2151 3428 2213 3477 ad
2253 3444 2372 3493 eog-

123 3497 418 3546 noscendum
458 3501 504 3547 in
546 3500 764 3563 quolibet
801 3513 976 3565 genere
1015 3508 1089 3551 est
1127 3516 1291 3549 unum.
1367 3501 1476 3550 Non
1514 3501 1642 3549 idem
1681 3508 1842 3549 autem
1883 3502 1930 3547 in
1959 3502 2181 3551 omuibus
2219 3517 2371 3565 gene-

124 3570 258 3619 ribus
298 3586 444 3620 unum
483 3581 554 3621 est
594 3580 682 3622 etc.
745 3574 879 3624 Idem
919 3576 1015 3624 sere
1042 3573 1153 3622 V11.
1183 3573 1301 3621 Met.
1349 3579 1389 3622 1.
1457 3573 1657 3623 Summa
1696 3575 1860 3636 itaque
1899 3573 1993 3623 huc
2032 3573 2167 3636 redit,
2207 3577 2372 3626 unita-

127 3646 229 3691 tum
266 3645 538 3707 subjectum
578 3660 685 3696 esse
723 3661 798 3697 res
837 3649 998 3711 ipsas,
1039 3660 1342 3695 numerorum
1382 3660 1496 3696 vero
1537 3645 1808 3710 subjectum
1846 3653 2082 3712 mentem,
2125 3647 2370 3715 objectum

127 3727 204 3767 res
242 3717 437 3767 easdem
477 3725 626 3769 extra.
1015 3726 1022 3735 ·
