2652 4088
991 134 1281 179 Astronomia
1311 134 1518 180 Lunaris.
2318 134 2387 191 39

132 278 317 332 dierum
365 288 440 334 est
488 285 788 345 necessaria,
837 288 953 333 tunc
996 283 1254 347 speluncas
1299 289 1603 349 perreptant,
1655 288 1801 347 prout
1851 284 2026 347 cuique
2075 289 2251 334 natura
2296 289 2385 334 est.

130 354 414 407 Urinatores
460 364 574 406 sunt
609 357 830 420 plurimi,
883 358 1046 405 omnia
1093 358 1377 408 naturaliter
1414 359 1680 407 animantia
1722 358 1943 419 spiritum
1981 357 2178 406 trahunt
2213 357 2387 407 lentis-

129 431 265 490 sime,
305 430 395 478 sub
435 432 576 492 aquis
615 431 762 493 igitur
799 429 982 492 degunt
1006 431 1055 477 in
1081 431 1335 493 profundo,
1374 437 1596 480 naturam
1621 436 1726 479 arte
1752 429 2046 492 adjuvantes
2064 427 2178 494 214).
2230 431 2385 493 Ajunt

127 504 256 551 enim
294 505 344 550 in
382 503 479 552 illis
515 503 763 552 altissimis
799 517 1036 565 aquarum
1074 505 1277 552 sinubus
1315 504 1538 567 frigidam
1576 502 1851 568 perdurare,
1891 503 2188 553 ferventibus
2215 519 2246 552 a
2270 503 2384 553 Sole

126 577 458 638 superioribus
495 571 772 644 undis215),
824 577 873 622 in
925 575 1180 638 superficie
1230 578 1459 641 quicquid
1498 577 1688 637 haeret,
1744 575 1794 623 id
1843 576 2048 624 elixatur
2094 592 2125 625 a
2168 575 2282 626 Sole
2334 579 2382 624 in

125 648 326 698 meridie
366 649 515 711 fitque
550 647 784 712 pabulum
811 647 1190 698 adventantibus
1216 653 1626 713 peregrinantium
1654 650 1936 698 colonorum
1964 650 2253 698 exercitibus
2270 644 2382 714 216).

123 722 250 771 Nam
294 724 344 770 in
395 724 673 771 universum
720 721 1082 770 subvolvanum
1129 722 1539 786 hemisphaerium
1584 724 1761 772 nostris
1809 723 1951 785 pagis
2003 728 2050 770 et
2102 722 2294 786 oppidis
2334 729 2382 772 et

122 795 276 844 hortis
328 798 694 858 aequiparatur,
749 795 1093 857 privolvanum
1142 798 1321 845 nostris
1374 799 1502 860 agris
1541 803 1589 846 et
1625 796 1762 844 silvis
1812 802 1859 844 et
1898 795 2115 844 desertis,
2193 794 2383 858 Quibus

122 871 376 931 respiratio
414 870 570 930 magis
610 875 686 917 est
720 870 1011 930 necessaria,
1050 870 1085 915 ii
1123 869 1365 918 ferventes
1404 884 1559 932 aquas
1597 874 1806 931 angusto
1842 869 2000 917 canali
2037 870 2085 915 in
2123 869 2382 932 speluncas

122 941 407 1002 admittunt,
459 947 514 990 ut
551 940 698 1003 longo
736 946 902 989 meatu
949 943 997 989 in
1035 943 1206 992 intima
1254 948 1478 1005 receptae
1525 943 1763 1005 paulatim
1807 941 2135 1004 refrigescant.
2210 942 2289 990 Ibi
2325 957 2379 991 se

118 1015 296 1079 potiori
336 1015 431 1063 diei
469 1020 605 1077 parte
653 1016 901 1062 continent
940 1029 1095 1077 eoque
1134 1021 1254 1078 potu
1292 1021 1517 1075 utuntur,
1565 1029 1772 1078 vespera
1810 1013 2101 1063 adveniente
2138 1014 2380 1077 prodeunt

118 1083 531 1151 pabulatum217).
607 1087 665 1135 In
711 1087 943 1150 stirpibus
994 1089 1218 1150 corticeS,
1269 1090 1318 1136 in
1356 1087 1650 1137 animalibus
1702 1088 1852 1149 cutis,
1906 1092 1991 1135 aut
2029 1089 2071 1135 si
2112 1086 2228 1149 quid
2268 1088 2374 1150 ejus

117 1163 274 1210 vicem
313 1161 514 1221 obtinet,
552 1160 787 1222 majorem
825 1175 1085 1224 corporeae
1123 1161 1264 1210 molis
1303 1167 1490 1224 partem
1517 1161 1732 1210 absolvit
1767 1161 2126 1223 fungosumque
2152 1166 2200 1208 et
2225 1175 2375 1223 poro-

115 1249 222 1283 sum
261 1239 358 1296 est3
412 1249 470 1283 ac
508 1235 550 1282 si
588 1232 704 1297 quid
743 1233 1094 1297 deprehensum
1146 1235 1195 1281 in
1246 1234 1323 1283 die
1373 1235 1542 1295 fuerit,
1593 1236 1642 1282 in
1690 1235 1971 1283 summitate
2020 1233 2275 1282 induratur
2329 1240 2378 1282 et

114 1307 349 1368 aduritur,
389 1321 596 1370 vespera
630 1306 922 1357 succedente
949 1303 1351 1371 deglubitur218).
1413 1308 1564 1357 Terra
1589 1309 1856 1368 nascentia,
1895 1307 2012 1355 licet
2050 1308 2098 1353 in
2138 1308 2375 1357 montium

109 1381 243 1444 jugis
282 1395 440 1444 pauca
477 1381 598 1440 sint,
646 1379 933 1443 plerumque
973 1380 1141 1429 eodem
1183 1380 1261 1431 die
1301 1387 1349 1430 et
1387 1387 1608 1431 creantur
1645 1387 1693 1430 et
1731 1386 2016 1442 enecantur,
2068 1381 2210 1429 novis
2249 1394 2375 1443 quo-

111 1454 231 1503 tidie
269 1454 702 1504 succrescentibus.
990 1494 993 1496 ,

284 1527 471 1576 Natura
509 1528 730 1590 viperina
767 1527 817 1574 in
854 1528 1136 1575 universum
1173 1526 1442 1590 praevalet.
1518 1525 1757 1575 Miraculo
1797 1528 1923 1575 enim
1971 1531 2086 1575 sunt
2123 1524 2228 1575 Soli
2266 1541 2373 1577 sese

110 1603 160 1649 in
197 1601 397 1651 meridie
437 1606 735 1663 exponentes
773 1602 913 1662 quasi
953 1599 1220 1663 voluptatis
1259 1615 1431 1662 causa,
1470 1613 1567 1648 non
1606 1605 1770 1649 tamen
1808 1600 1954 1663 alibi,
1994 1602 2089 1649 nisi
2117 1614 2245 1664 pone
2273 1601 2374 1650 ori-

109 1674 220 1725 ficia
256 1673 610 1738 speluncarum,
650 1679 704 1721 ut
741 1678 874 1722 tutus
913 1678 961 1723 et
997 1679 1216 1736 promtus
1254 1675 1317 1722 sit
1354 1668 1707 1737 receptus²¹⁹).

285 1747 590 1811 Quibusdam
641 1761 729 1810 per
781 1747 877 1796 diei
927 1753 1117 1796 aestum
1163 1748 1362 1810 spiritus
1419 1747 1686 1796 exhaustus
1736 1748 1938 1810 vitaque
1995 1748 2235 1797 exstincta
2285 1761 2371 1811 per

109 1828 301 1872 noctem
346 1820 573 1881 redeunt,
625 1822 867 1870 contraria
911 1822 1099 1870 ratione
1145 1835 1293 1884 quam
1341 1820 1473 1884 apud
1519 1835 1609 1870 nos
1662 1822 1844 1870 muscis
1861 1817 1971 1885 220).
2044 1821 2239 1870 Passim
2283 1836 2370 1884 per

109 1894 266 1944 solum
305 1893 555 1957 dispersae
593 1895 749 1943 moles
787 1894 945 1956 figura
992 1908 1171 1942 nucum
1219 1896 1494 1957 pinearum,
1547 1908 1632 1958 per
1682 1894 1809 1944 diem
1857 1894 2045 1944 adustis
2093 1895 2366 1958 corticibus,

107 1970 301 2033 vesperi
336 1970 479 2030 quasi
515 1967 716 2016 reclusis
754 1967 967 2029 latebriS,
1008 1969 1277 2017 animantia
1313 1967 1463 2016 edunt
1476 1963 1588 2034 221).

281 2042 606 2104 Praecipuum
644 2047 808 2090 aestus
846 2040 1159 2090 lenimentum
1197 2042 1246 2088 in
1278 2040 1589 2090 subvolvano
1614 2040 1971 2105 hemisphaerio
1997 2047 2112 2091 sunt
2136 2042 2370 2092 continua

106 2114 276 2164 nubila
330 2120 378 2164 et
424 2114 623 2178 pluviae
638 2110 759 2176 ²²²),
811 2127 937 2177 quae
990 2114 1255 2178 aliquando
1300 2129 1387 2178 per
1435 2114 1686 2164 dimidiam
1735 2118 1983 2180 regionem
2033 2121 2119 2165 aut
2157 2130 2215 2166 eo
2254 2116 2366 2180 plus

107 2189 328 2240 obtinent
345 2183 452 2254 223).

277 2261 546 2324 Hucusque
586 2275 693 2310 cum
731 2261 1062 2324 pervenissem
1089 2260 1395 2323 somniandO,
1433 2268 1610 2312 ventus
1637 2266 1770 2311 ortus
1798 2275 1907 2311 cum
1932 2263 2138 2326 strepitu
2163 2261 2363 2326 pluviae

104 2349 326 2384 somnum
363 2334 482 2382 mihi
521 2333 747 2383 dissolvit
783 2349 978 2397 unaque
1015 2334 1125 2384 libri
1162 2335 1467 2384 Francofurti
1513 2335 1649 2384 allati
1688 2340 1903 2385 extrema
1940 2335 2171 2386 abolevit.
2248 2335 2363 2400 Ipse

104 2409 269 2471 itaque
319 2409 501 2457 relictis
539 2407 794 2458 Daemone
844 2413 1068 2458 narrante
1114 2413 1162 2456 ct
1207 2409 1535 2470 auditoribuS,
1590 2409 1841 2458 Duracoto
1893 2408 1994 2458 filio
2050 2423 2160 2459 cum
2206 2414 2360 2459 matre

101 2481 390 2542 Fiolxhildi,
429 2487 484 2530 ut
521 2488 658 2531 erant
696 2481 944 2532 obvolutis
972 2483 1229 2545 capitibuS,
1269 2481 1333 2532 ad
1369 2497 1447 2532 me
1484 2497 1722 2545 reversuS‚
1763 2497 1878 2533 vere
1916 2488 2064 2547 caput
2099 2482 2358 2548 pulvinari,

97 2569 273 2620 corpus
312 2555 543 2619 stragulis
583 2554 872 2605 obvolutum
910 2554 1220 2619 deprehendi.
