2652 4088
740 187 889 244 Notae
919 195 967 244 in
998 186 1232 245 Somnium
1261 189 1642 247 Astrbnomicum.
2247 183 2318 257 49

63 340 340 388 macularum
370 340 603 398 varietate,
635 348 688 389 ut
714 341 832 389 infra
863 342 1051 390 dicetur.
1111 347 1152 391 A
1183 345 1404 392 volvendo
1433 346 1574 403 igitur
1602 345 1747 391 Volva
1779 344 1968 400 dicatur,
2002 349 2048 392 et
2077 345 2325 392 subvolvae

62 407 135 453 vel
165 407 442 465 subvolvani,
475 409 554 465 qui
582 408 737 454 vident
765 407 966 463 Volvam,
997 409 1241 469 privolvae,
1275 411 1354 468 qui
1384 417 1491 456 sunt
1519 410 1683 468 privati
1713 418 1964 468 conspectu
1994 410 2178 457 Volvae.

238 474 311 519 91.
341 473 436 519 Nos
468 472 513 518 in
545 473 632 519 hoc
661 474 828 519 Terrae
858 474 994 530 globo
1023 475 1156 532 polos
1196 477 1353 522 mundi
1391 490 1627 523 censemus
1657 475 1736 521 illa
1778 475 1866 521 duo
1898 483 2066 533 puncta
2103 477 2329 535 sphaerae

62 538 255 585 fixarum
284 540 403 585 inter
434 553 483 586 se
514 541 747 598 opposita,
789 541 834 585 in
867 555 984 598 quae
1015 543 1114 588 axis
1146 543 1341 590 Telluris
1381 551 1621 602 utramque
1658 543 1705 588 in
1733 541 1912 600 plagam
1944 542 2233 589 continuatus
2262 542 2330 587 in·

65 606 186 652 cidit.
248 606 375 652 Haec
416 606 533 651 enim
574 606 664 651 duo
702 611 871 662 puncta
912 607 958 651 in
998 607 1129 664 primi
1168 614 1318 654 motus
1356 610 1641 667 apparitione
1682 613 1940 666 spectamus
1979 613 2030 652 ut
2069 607 2329 655 immobilia.

63 672 188 717 Haec
219 671 309 717 duo
340 679 508 730 puncta
537 670 770 716 lunaribus
801 670 895 727 poli
926 671 1082 716 mundi
1112 687 1202 718 non
1233 683 1489 731 censentur,
1522 687 1614 720 non
1645 680 1835 732 apparet
1867 675 1985 719 enim
2015 675 2126 731 ipsis
2156 673 2332 720 coelum

65 736 291 783 stellatum
322 744 413 784 tam
444 737 567 782 brevi
596 736 813 793 temporis
844 738 1015 794 spatio,
1062 740 1183 795 quod
1222 754 1305 786 nos
1337 741 1495 798 viginti
1535 746 1731 798 quatuor
1761 741 1885 787 horis
1916 742 2197 787 nostratibus
2229 753 2332 786 cen·

63 815 237 860 semus,
269 803 386 848 circa
417 815 494 847 eos
524 801 824 848 circumvolvi.
880 803 944 848 At
972 804 1168 850 vicissim
1199 807 1296 852 axis
1330 807 1531 864 corporis
1562 807 1757 862 lunaris,
1789 807 1846 852 ad
1878 806 2061 864 planum
2092 806 2329 863 eclipticae

64 874 218 915 rectus
247 869 318 914 vel
348 868 490 925 quasi,
522 867 810 913 continuatus
841 867 998 914 incidit
1028 870 1075 913 in
1106 878 1277 927 puncta
1306 871 1499 916 fixarum
1531 871 1647 928 polis
1687 872 1921 928 eclipticae
1951 871 2117 916 vicina:
2161 872 2193 915 ii
2226 877 2334 917 sunt

66 934 276 979 lunicolis
305 933 397 991 poli
426 932 595 990 mundi,
628 935 734 990 quia
765 933 961 990 sphaera
990 934 1183 980 fixarum
1214 936 1361 993 spatio
1393 936 1627 993 temporis,
1660 938 1782 994 quod
1804 950 1886 982 nos
1907 949 2105 982 mensem
2130 936 2334 995 dicimus,

65 1000 121 1046 iis
152 1001 271 1046 circa
302 1000 422 1045 hunc
452 1012 583 1044 axem
624 1000 741 1044 volvi
780 1000 1000 1055 cernitur,
1042 1015 1124 1058 pro
1165 1015 1218 1047 eo
1261 1000 1383 1059 quod
1415 1014 1521 1046 vere
1553 1002 1714 1059 globus
1746 1003 1843 1058 ipse
1874 1003 2032 1046 Lunae
2065 1002 2184 1047 circa
2213 1002 2336 1047 hunc

67 1081 198 1114 suum
226 1079 356 1112 axem
387 1064 580 1121 ejusque
622 1066 736 1111 duas
773 1068 1083 1113 extremitates
1125 1068 1403 1113 convertitur
1451 1066 1578 1112 velut
1616 1067 1870 1113 immobiles
1908 1068 2023 1112 1000.
2085 1068 2188 1112 Etsi
2219 1069 2337 1112 enim

68 1136 229 1196 globus
259 1135 417 1180 Lunae
448 1138 495 1178 et
522 1131 569 1175 in
601 1144 655 1176 eo
684 1132 758 1176 hic
789 1133 926 1178 etiam
963 1134 1063 1179 axis
1096 1134 1216 1180 circa
1245 1133 1430 1190 globum
1461 1133 1656 1178 Telluris
1698 1138 1931 1179 menstruo
1971 1133 2119 1190 spatio
2152 1134 2337 1179 circum-

67 1203 225 1258 fertur,
257 1205 304 1246 at
332 1205 485 1244 manet
524 1197 600 1242 ille
638 1200 816 1246 interim
859 1201 906 1245 in
939 1202 1059 1246 omni
1100 1201 1192 1247 situ
1224 1202 1308 1246 sibi
1346 1202 1435 1259 ipsi
1465 1200 1737 1259 parallelus,
1783 1214 1929 1258 eoque
1962 1214 2140 1259 semper
2170 1201 2216 1246 in
2248 1215 2339 1246 una

69 1268 249 1328 quidem
278 1266 558 1312 revolutione
589 1265 746 1311 eadem
778 1267 874 1311 fere
904 1272 1076 1324 puncta
1106 1267 1299 1313 fixarum
1330 1269 1553 1325 ostendit,
1587 1268 1695 1326 quia
1736 1267 1857 1313 orbis
1887 1268 2047 1312 Lunae
2088 1266 2337 1324 amplitudo

69 1341 330 1393 comparata
360 1334 419 1379 ad
450 1332 689 1390 sphaeram
720 1333 914 1379 fixarum
944 1332 997 1379 fit
1025 1334 1317 1380 insensibilis.
1360 1334 1492 1391 Quod
1525 1340 1674 1379 autem
1710 1333 1878 1379 divisor
1908 1333 2105 1381 circulus
2136 1338 2342 1379 transeat

69 1414 152 1459 per
179 1401 265 1446 hos
296 1400 420 1457 globi
448 1399 618 1444 lunaris
649 1399 794 1458 polos,
826 1407 1017 1458 apparet
1047 1414 1104 1447 ex
1137 1415 1207 1453 eo,
1242 1402 1348 1458 quia
1380 1415 1560 1460 semper
1592 1401 1779 1447 eaedem
1810 1403 2014 1447 maculae
2044 1402 2202 1446 Lunae
2233 1401 2335 1445 Tel-

0 1474 1 1489 ¹
69 1470 155 1516 luri
187 1470 483 1515 obvertuntur
511 1475 607 1514 toto
638 1475 843 1526 tempore
874 1471 1091 1516 circuitus
1121 1471 1353 1517 menstrui.
1395 1471 1624 1527 Quantum
1657 1470 1775 1515 enim
1806 1469 1862 1514 de
1893 1468 2052 1512 Lunae
2085 1465 2219 1522 globo
2250 1479 2333 1512 nos

70 1535 134 1580 ita
163 1535 386 1580 cernimus
415 1536 540 1580 velut
569 1534 810 1588 immobile,
840 1539 1017 1580 tantum
1047 1536 1281 1583 verissime
1312 1536 1508 1582 volvitur
1537 1537 1657 1582 circa
1690 1536 1812 1582 dicta
1842 1540 2026 1591 puncta.

135 1609 138 1614 '
244 1601 316 1647 92.
347 1601 463 1658 Quia
493 1602 657 1659 globus
686 1602 849 1647 Lunae
880 1602 945 1647 sic
977 1603 1182 1648 circumit
1203 1603 1323 1648 circa
1345 1603 1590 1653 Tellurem,
1623 1609 1675 1649 ut
1705 1614 1886 1659 semper
1915 1599 2034 1645 idem
2055 1599 2341 1657 hemisphae-

69 1666 185 1712 rium
215 1666 313 1722 ejus
344 1668 609 1713 obvertatur
639 1667 826 1724 Telluri,
861 1668 981 1724 quod
1011 1669 1161 1726 possis
1195 1669 1389 1715 anticam
1419 1668 1542 1726 globi
1571 1670 1711 1727 hujus
1743 1669 1906 1724 dicere,
1939 1672 2068 1724 patet
2097 1680 2209 1722 eam,
2242 1679 2343 1710 cum

70 1734 189 1779 inter
219 1732 367 1778 Solem
400 1739 447 1778 et
476 1733 662 1778 Terram
693 1739 765 1779 est
796 1733 1018 1791 nobisque
1049 1749 1166 1780 nova
1198 1749 1279 1780 seu
1312 1735 1418 1781 exili
1450 1749 1551 1781 cum
1583 1749 1725 1780 cornu
1764 1740 1975 1792 apparet,
2018 1739 2129 1779 tunc
2166 1737 2343 1788 tergum

71 1799 304 1845 obvertere
334 1799 442 1855 Soli,
473 1799 667 1843 anticam
699 1813 726 1844 a
758 1799 863 1844 Sole
894 1806 1120 1858 avertere3
1161 1807 1208 1846 at
1239 1815 1340 1846 cum
1371 1801 1502 1847 nobis
1532 1801 1694 1858 plena,
1738 1799 2018 1858 interpositis
2051 1812 2114 1845 sc.
2147 1813 2196 1844 80
2226 1799 2346 1844 inter

73 1872 121 1911 et
150 1865 320 1922 Solem,
360 1870 537 1922 tergum
572 1865 768 1911 obvertit
795 1865 921 1921 fixis,
965 1880 993 1910 a
1025 1867 1131 1911 Sole
1162 1873 1392 1923 avertens,
1437 1867 1632 1912 anticam
1672 1871 1718 1910 et
1748 1864 1842 1911 Soli
1888 1873 1934 1910 et
1964 1865 2132 1910 Terrae
2172 1864 2342 1921 objicit,

72 1932 153 1978 801
182 1947 287 1978 vero
317 1946 536 1990 praesens
567 1932 699 1990 diem,
732 1935 899 1979 absens
930 1939 1110 1980 noctem
1142 1933 1324 1980 efficere
1346 1935 1391 1979 in
1413 1939 1512 1979 toto
1534 1933 1702 1978 mundo
1725 1937 1952 1977 censetur.
2004 1931 2187 1977 Habent
2207 1931 2344 1987 igitur

75 1998 255 2057 utrique
286 2011 412 2044 suam
443 1999 561 2044 diem
604 2004 651 2043 et
681 2005 882 2054 noctem,
932 2000 1012 2045 sed
1045 2014 1134 2046 non
1176 2007 1267 2045 tam
1300 2000 1437 2045 breve
1468 2005 1746 2056 νυχθημερον
1785 2005 1837 2043 111
1867 2011 1967 2044 nos„
2029 1997 2194 2042 Totum
2225 1997 2342 2042 enim

76 2076 356 2109 menstruum
387 2066 518 2112 nobis
550 2065 748 2123 spatium
779 2067 890 2124 ipsis
923 2067 1175 2112 absumitur
1204 2067 1250 2112 in
1282 2068 1417 2113 unius
1449 2066 1538 2111 diei
1571 2071 1617 2110 et
1647 2064 1793 2110 noctis
1824 2062 2169 2120 longitudinem.

249 2131 323 2177 93.
353 2131 563 2177 Varietas
596 2131 767 2177 dierum
800 2139 846 2179 et
877 2134 1077 2179 noctium
1109 2139 1239 2179 extra
1271 2133 1368 2180 dies
1403 2131 1794 2190 aequinoctiorum
1816 2142 1956 2187 penes
1988 2143 2070 2175 nos
2103 2135 2254 2176 estex
2276 2143 2344 2187 00,

73 2197 195 2255 quod
225 2197 318 2256 poli
350 2197 503 2243 mundi
533 2198 668 2257 longe
698 2198 829 2243 nobis
861 2198 1070 2244 videntur
1101 2200 1268 2245 distare
1298 2213 1326 2245 a
1356 2198 1474 2257 polis
1506 2198 1759 2255 eclipticae.
1812 2196 1909 2254 His,
1942 2209 2056 2253 quos
2088 2209 2172 2241 1108
2204 2196 2343 2241 babe-

10 2252 13 2270 ¹
74 2277 198 2314 mus,
230 2264 347 2321 polis
378 2265 532 2310 mundi
571 2265 754 2311 lunares
786 2273 959 2323 carent,
1009 2274 1168 2311 contra
1207 2266 1320 2312 alios
1351 2266 1523 2311 habent
1553 2263 1709 2310 mundi
1752 2261 1906 2320 polos,
1946 2261 2064 2319 polis
2109 2261 2346 2319 eclipticas

74 2330 320 2389 proximos.
381 2331 444 2376 Et
474 2331 512 2376 si
543 2345 633 2388 qua
678 2339 749 2377 est
785 2333 982 2379 varietas
1025 2347 1082 2379 ex
1113 2347 1267 2380 eorum
1309 2333 1524 2379 distantia
1564 2331 1752 2390 parvula
1783 2344 1811 2375 a
1840 2328 1958 2387 polis
1991 2327 2248 2385 eclipticae‚
2294 2341 2348 2373 ea

11 2389 14 2402 ¹
76 2410 178 2443 cum
207 2395 287 2442 illa
317 2405 475 2442 nostra
505 2398 808 2455 comparanda
839 2413 929 2444 non
962 2406 1046 2454 est,
1081 2406 1204 2445 certe
1237 2399 1461 2446 sensibilis
1495 2399 1607 2445 adeo
1640 2413 1731 2444 non
1763 2402 1854 2455 est3
1888 2407 2033 2451 eoque
2062 2393 2157 2439 fere
2187 2406 2348 2452 perpe-

75 2469 203 2510 tuum
233 2463 321 2521 ipsi
352 2463 524 2510 habent
554 2465 886 2522 aequinoctium
920 2479 1002 2524 per
1030 2472 1176 2511 totum
1210 2467 1408 2524 globum,
1442 2466 1560 2512 sicut
1592 2465 1727 2510 etiam
1758 2473 1899 2521 penes
1920 2473 2005 2506 nos
2036 2459 2082 2505 in
2104 2459 2247 2506 Terra
2277 2460 2351 2505 die

78 2529 353 2588 aequinoctii
381 2543 464 2587 per
494 2535 640 2575 totum
673 2532 829 2577 orbem
860 2532 1101 2578 Terrarum
1134 2539 1205 2578 est
1237 2532 1589 2590 aequinoctium.

208 2602 210 2604 ’
251 2595 322 2641 94.
354 2595 405 2639 ln
437 2596 818 2654 Ephemeridibus
849 2597 960 2643 meis
1003 2598 1160 2655 phasis
1191 2599 1350 2644 Lunae
1392 2597 1608 2643 bifalcata
1641 2594 1791 2642 differt
1822 2608 1849 2639 a
1881 2590 2159 2649 quadratura
2189 2590 2348 2637 Lunae

18 2717 20 2731 ¹
83 2674 185 2708 011111
218 2661 324 2706 8010
355 2661 412 2705 ad
445 2674 668 2707 summum
701 2663 891 2709 duarum
931 2665 1145 2710 horarum
1189 2665 1458 2711 nostratium
1493 2663 1640 2721 spatio
1682 2676 1782 2708 cum
1820 2661 1872 2706 10
1902 2658 2110 2715 minutis,
2150 2658 2270 2715 quod
2301 2660 2355 2706 fit

18 2755 21 2767 ‹
82 2728 187 2786 quia
227 2728 461 2785 proportio
500 2727 622 2772 orbis
653 2729 812 2776 Lunae
854 2731 913 2776 ad
953 2731 1188 2776 circuitum
1221 2731 1339 2777 Solis
1371 2731 1458 2788 (vel
1488 2730 1672 2786 Terrae)
1712 2733 1782 2774 est
1822 2732 1874 2772 ut
1909 2730 1926 2771 1
1963 2723 2020 2769 ad
2052 2725 2133 2779 59,
2164 2726 2211 2770 in
2243 2739 2349 2783 apo-

20 2802 21 2812 *
83 2805 194 2851 gaeo
232 2794 416 2840 80111001.
490 2793 592 2839 Jam
637 2807 744 2840 vero
785 2795 883 2842 dies
926 2795 1069 2842 oritur
1107 2797 1423 2843 subvolvarum
1466 2796 1651 2853 mediis,
1709 2808 1811 2839 cum
1858 2793 1985 2838 locus
2028 2790 2147 2847 globi
2191 2792 2351 2840 Lunae

22 2887 23 2890 =
85 2860 378 2907 constituitur
406 2860 454 2905 in
485 2861 652 2907 circulo
683 2861 1025 2908 illuminationis
1056 2864 1239 2920 Lunae,
1274 2863 1350 2920 qui
1379 2862 1539 2921 phasin
1570 2862 1760 2917 format,
1791 2872 1882 2904 non
1914 2870 2015 2902 011111
2047 2857 2095 2901 in
2127 2857 2348 2914 quadrato

22 2926 23 2930 ’
87 2925 204 2971 80118
234 2932 438 2972 versatur
469 2934 673 2975 centrum
705 2928 827 2986 globi
857 2929 1031 2976 Lunae.
1095 2930 1243 2986 Quare
1277 2945 1379 2976 cum
1423 2930 1471 2974 in
1502 2936 1695 2986 utraque
1726 2925 1861 2984 phasi
1890 2922 1972 2968 fiat
2004 2923 2136 2967 Luna
2165 2926 2352 2982 propior

86 2989 180 3037 8011
212 3005 345 3047 quam
368 2993 523 3047 Terra,
557 3007 663 3050 pars
696 2997 831 3042 etiam
864 2997 1036 3043 orbitae
1058 2999 1217 3044 Lunae
1248 2999 1306 3043 ab
1338 2998 1409 3042 his
1441 2998 1643 3043 terminis
1677 2994 1877 3042 exterius
1914 2992 2030 3038 circa
2053 2991 2237 3038 Terram
2268 2997 2351 3041 cir-

86 3058 324 3104 cumducta
364 3058 541 3115 longior
579 3067 648 3107 est
679 3068 808 3119 parte
838 3063 1026 3108 interius
1067 3063 1186 3108 inter
1216 3064 1403 3109 Terram
1446 3069 1492 3108 et
1523 3062 1673 3108 Solem
1706 3060 1982 3106 continuata.
2044 3058 2106 3102 Et
2136 3059 2213 3103 illa
2243 3074 2349 3117 pars

87 3123 282 3168 exterior
311 3124 468 3170 mediis
500 3126 817 3173 subvolvarum
850 3128 1092 3174 admetitur
1132 3128 1270 3186 diem,
1315 3127 1474 3173 mediis
1513 3126 1815 3184 privolvarum
1857 3127 2057 3170 noctem:
2099 3137 2204 3180 ergo
2246 3128 2350 3172 sub-

86 3187 286 3233 volvanis
317 3190 426 3242 dies,
459 3192 670 3247 privolvis
703 3207 807 3251 nox,
839 3202 1019 3250 praeter
1039 3201 1220 3251 tempus
1242 3194 1636 3240 semimenstruum
1668 3206 1694 3236 a
1716 3192 1845 3237 nobis
1869 3193 2106 3247 censitum,
2140 3186 2352 3234 adsciscit

85 3252 274 3310 insuper
302 3254 439 3301 horas
469 3264 696 3302 nostrates
729 3259 905 3303 circiter
936 3264 1145 3315 quatuor,
1177 3258 1536 3315 tantundemque
1566 3258 1690 3303 nocti
1720 3258 1898 3302 illorum
1916 3292 1926 3312 ,
1960 3257 2049 3301 diei
2079 3257 2251 3312 horum,
2285 3253 2350 3299 vi-

89 3320 238 3365 cissim
271 3320 464 3366 decedit.
504 3322 645 3368 Porro
677 3335 795 3380 quae
826 3322 881 3367 de
912 3322 1070 3367 mediis
1103 3323 1535 3380 hemisphaeriorum
1568 3330 1675 3368 sunt
1708 3323 1840 3378 dicta,
1875 3336 1928 3367 ea
1958 3322 2186 3380 pertinent
2218 3320 2350 3366 etiam

89 3386 147 3432 ad
179 3386 474 3433 succedentes
505 3401 661 3433 versus
693 3397 842 3433 ortum
873 3388 942 3432 vel
976 3402 1212 3446 occasum,
1255 3403 1355 3434 cum
1385 3390 1472 3435 hac
1503 3389 1600 3435 sola
1631 3389 1873 3443 varietate,
1915 3395 1966 3431 ut
1999 3393 2108 3444 quot
2137 3385 2351 3443 gradibus

86 3450 381 3516 longitudinis
412 3454 599 3511 quilibet
625 3455 826 3500 locorum
858 3468 885 3499 a
914 3454 1163 3500 meditullio
1195 3462 1472 3511 removetur,
1515 3454 1704 3500 totidem
1736 3454 1870 3498 etiam
1900 3453 2059 3510 globus
2090 3453 2247 3499 Lunae
2278 3467 2351 3499 su·

91 3524 222 3576 peret
251 3516 385 3562 situm
416 3518 555 3575 illum,
587 3519 631 3564 in
665 3534 754 3578 quo
787 3520 944 3566 mediis
978 3520 1073 3565 dies
1106 3519 1348 3565 oriebatur

265 3583 338 3629 95.
373 3583 514 3628 Sicuti
543 3555 645 3632 ’fieri
676 3598 862 3631 necesse
895 3592 964 3630 est
995 3586 1041 3629 in
1073 3584 1206 3661 globo
1238 3585 1406 3631 Terrae
1437 3585 1520 3630 sub
1551 3583 1652 3641 ipso
1685 3584 1789 3642 polo
1823 3583 1894 3630 die
1926 3584 2214 3642 aequinoctii.

255 3650 327 3695 96.
362 3649 431 3693 En
464 3648 735 3708 hypothesin
778 3651 918 3696 totius
951 3651 1132 3705 somnii,
1175 3658 1484 3707 argumentum
1517 3664 1577 3696 sc.
1612 3663 1693 3707 pro
1727 3658 1851 3695 motu
1884 3649 2064 3706 Terrae,
2096 3664 2177 3697 seu
2209 3651 2351 3697 disso-

92 3710 310 3760 lutionem
342 3715 494 3772 potius
527 3717 776 3772 argumenti
808 3723 964 3762 contra
996 3725 1165 3762 motum
1197 3717 1366 3762 Terrae
1398 3730 1453 3762 ex
1486 3729 1622 3761 sensu
1651 3715 1887 3762 exstructi.

268 3780 337 3826 97.
369 3780 415 3824 Si
447 3779 542 3825 dies
573 3780 786 3827 definitur
814 3783 1073 3838 praesentia
1106 3782 1250 3839 Solis,
1283 3795 1501 3841 praesens
1533 3795 1638 3826 vero
1672 3781 1749 3827 Sol
1782 3790 1852 3826 est
1882 3783 1966 3840 ibi,
2010 3783 2086 3830 ubi
2119 3783 2219 3828 loca
2252 3783 2351 3839 eJ‘us

40 3868 41 3871 =
97 3842 264 3891 lumine
294 3853 540 3892 cernuntur
579 3844 855 3903 illuminata,
897 3855 1018 3893 certe
1059 3849 1167 3893 totis
1204 3850 1252 3894 15
1286 3848 1444 3894 diebus
1477 3848 1661 3894 eaedem
1693 3847 1852 3893 Lunae
1894 3849 2095 3895 maculae
2128 3850 2172 3893 in
2204 3848 2351 3893 medio

98 3909 197 3969 ejus
233 3925 421 3971 corpore
464 3921 710 3961 cernuntur
739 3928 766 3960 a
795 3913 925 3960 nobis
956 3913 1236 3960 illuminatae
1276 3915 1512 3973 continue,
1549 3913 1676 3959 nulla
1716 3914 1984 3973 interposita
2022 3922 2176 3972 110010,
2221 3914 2353 3959 Luna

184 3984 340 4030 nuptm
362 3985 488 4029 open
510 3987 611 4024 vm.
1978 3989 2006 4035 4
