2652 4088
323 154 392 214 ’78
1175 154 1448 203 Plutarchus
1480 152 1536 201 de
1563 151 1700 202 Facie

321 313 483 372 potest
520 306 621 367 illa,
662 320 787 368 quae
824 311 957 354 recta
994 320 1089 354 non
1130 304 1355 354 videntur
1379 304 1464 353 illa
1493 306 1693 366 visione,
1733 311 1782 355 et
1819 304 1961 354 Luna
2000 305 2122 368 ipsa,
2163 319 2272 355 cum
2310 313 2385 357 est
2409 307 2572 371 plena,

321 380 623 442 speculorum
674 380 887 425 omnium
934 380 1242 441 purissimum
1294 385 1342 426 et
1378 376 1750 439 pulcherrimum
1802 386 1875 427 est
1912 378 2262 440 aequabilitate
2301 386 2348 428 et
2400 383 2571 430 nitore.

320 453 492 514 Itaque
531 453 655 499 sicut
694 446 887 518 (arcum
925 447 1210 517 coelestem)
1251 465 1338 498 vos
1376 452 1561 512 putatis
1599 451 1735 500 radio
1775 453 1956 500 visorio
1997 465 2164 500 versus
2201 452 2365 501 Solem
2407 468 2572 516 reper-

320 538 462 573 cusso
503 525 549 570 in
589 524 718 571 nube
757 525 996 585 conspici,
1037 538 1145 571 cum
1185 538 1244 571 ea
1281 522 1531 570 humidum
1568 525 1806 585 paulatim
1853 524 2097 572 laevorem
2137 531 2185 572 et
2233 522 2572 591 (colliquatio-

318 600 452 659 nem)
491 595 721 655 induerit,
763 598 831 643 ita
871 597 1168 644 existimavit
1206 595 1309 655 ille,
1349 610 1480 643 mare
1518 603 1734 644 exterum
1775 598 2018 659 conspici,
2059 611 2116 644 ac
2155 598 2197 645 si
2237 600 2284 644 in
2313 598 2454 647 Luna
2493 600 2573 646 in-

318 676 460 727 esset,
500 668 860 730 nonequidem
898 682 957 716 ea
993 671 1041 714 in
1079 669 1292 730 regione,
1331 670 1380 714 in
1420 682 1517 730 qua
1556 676 1643 727 est,
1681 669 1768 718 sed
1809 672 1857 717 in
1897 668 1999 728 illa,
2040 668 2168 717 unde
2206 670 2402 719 reflexio
2441 671 2573 719 sacta

318 744 555 790 visionem
593 742 808 803 perfecit,
848 746 1125 788 contactum
1163 739 1346 788 scilicet
1385 741 1490 803 ejus
1529 747 1576 789 et
1613 742 1904 790 resilientem
1934 741 2046 790 inde
2071 741 2406 804 radiationem,
2448 745 2574 792 sicut

321 829 510 862 rursum
547 813 827 876 Agesianax
866 813 1046 861 alicubi
1084 814 1298 876 scripsit:
1358 815 1460 861 Aut
1490 818 1638 874 ponti
1677 818 1929 876 inqentem
1963 815 2346 879 fluctuationem
2385 816 2571 865 adver-

322 902 435 935 sum
473 901 571 934 sese
604 887 902 950 fluctuantis
940 889 1110 949 imayo
1145 893 1547 948 repraesentaret
1583 887 2005 951 iyniflammantis
2040 890 2242 949 speculi.

491 959 584 1007 His
622 958 890 1007 delectatus
930 959 1403 1022 Apollonides,
1443 974 1588 1022 quam
1625 960 1900 1022 singularis,
1939 962 2110 1023 inquit,
2152 967 2200 1009 et
2235 961 2450 1010 insolens
2480 977 2572 1025 ap-

316 1038 515 1095 paratus
556 1038 630 1080 est
666 1032 812 1094 hujus
851 1033 1109 1094 opinionis,
1148 1033 1348 1080 audacis
1388 1046 1503 1080 vero
1543 1031 1686 1080 simul
1726 1038 1775 1081 et
1811 1035 2049 1096 ingeniosi
2087 1034 2312 1082 hominis.
2390 1033 2571 1084 Verum

319 1104 542 1153 alicunde
582 1111 628 1153 et
668 1105 1026 1153 confutationes
1066 1103 1172 1167 ejus
1209 1119 1417 1153 accerse.

490 1177 719 1237 Primum,
758 1179 957 1241 inquam
986 1178 1115 1240 Eg0,
1155 1180 1195 1225 si
1234 1179 1379 1225 maris
1418 1179 1568 1226 exteri
1605 1193 1704 1227 una
1742 1184 1815 1227 est
1851 1179 2151 1238 substantia,
2201 1181 2481 1228 continuum
2522 1188 2570 1229 et

316 1251 367 1297 in
406 1265 457 1298 se
496 1250 736 1298 confluum
775 1251 999 1313 pelaguS‚
1042 1253 1282 1313 apparitio
1321 1265 1436 1299 vero
1475 1251 1715 1299 fuscarum
1755 1253 1802 1299 in
1830 1252 1968 1299 Luna
2006 1252 2303 1300 macularum
2331 1267 2426 1301 non
2456 1267 2566 1314 una,

317 1322 403 1372 sed
443 1323 575 1371 velut
615 1323 819 1371 isthmos
862 1324 1055 1386 aliquos
1093 1324 1295 1383 habene,
1335 1323 1590 1386 splendore
1629 1331 1790 1387 partes
1818 1326 2068 1373 umbrosas
2095 1324 2342 1374 dividente
2380 1331 2430 1375 et
2467 1326 2571 1374 dis-

323 1397 632 1444 terminante:
674 1410 771 1459 qua
809 1399 1020 1457 ratione,
1060 1411 1167 1445 cum
1206 1403 1391 1445 secreta
1428 1398 1524 1444 sint
1561 1396 1671 1445 loca
1709 1397 1900 1460 singula
1940 1411 2152 1459 suosque
2192 1398 2370 1446 limites
2406 1400 2571 1461 possi-

321 1468 472 1517 deant
510 1468 778 1517 lucidarum
815 1472 1046 1532 partium,
1095 1471 1313 1532 partibus
1352 1469 1591 1518 umbrosis
1641 1472 1945 1519 imminentes
1994 1470 2260 1532 crepidines
2299 1469 2570 1520 altitudinis

317 1549 366 1590 et
404 1542 744 1604 profunditatis
782 1544 994 1605 speciem
1033 1542 1307 1602 induerunt,
1349 1543 1491 1590 etsie
1530 1542 1639 1591 illas
1680 1543 1927 1592 oculorum
1966 1549 2014 1592 et
2052 1543 2286 1591 labiorum
2326 1557 2568 1606 apparen-

317 1622 390 1662 tes
430 1614 614 1676 effigies
654 1615 913 1663 admodum
954 1618 1227 1678 propinqua
1250 1615 1565 1664 similitudine
1604 1622 1954 1679 expresserunt.
2009 1616 2136 1678 Ergo
2163 1626 2248 1664 aut
2274 1617 2567 1666 subsumen-

317 1689 429 1735 dum
468 1690 571 1747 erit,
611 1687 750 1750 plura
788 1703 894 1737 esse
933 1691 1085 1736 maria
1123 1695 1302 1748 extera,
1343 1688 1530 1736 isthmis
1569 1695 1616 1736 et
1654 1689 2011 1738 continentibus
2050 1689 2297 1751 aliquibus
2336 1690 2398 1737 ab
2438 1691 2568 1738 invi-

315 1775 418 1809 cem
459 1760 674 1820 diremta,
715 1761 844 1823 quod
884 1761 1146 1810 absurdum
1186 1767 1234 1810 et
1269 1762 1444 1810 falsum
1484 1768 1571 1821 est,
1610 1769 1695 1810 aut
1735 1764 1776 1810 si
1816 1777 1963 1811 unum
2001 1761 2048 1809 id
2077 1770 2163 1822 est,
2204 1777 2301 1810 non
2338 1762 2566 1813 credibile

314 1833 381 1895 fit,
423 1833 732 1881 simulacrum
771 1835 876 1896 ejus
916 1837 985 1882 ita
1025 1834 1269 1882 divulsum
1309 1849 1558 1897 apparere.

485 1906 614 1953 Illud
666 1906 860 1969 quidem
907 1922 1138 1969 quaerere
1190 1909 1340 1955 tutius
1389 1915 1488 1967 est,
1540 1921 1686 1969 quam
1734 1914 1780 1955 te
1832 1914 2086 1970 praesente
2134 1906 2451 1970 respondere,
2503 1923 2566 1958 an

314 1993 421 2028 cum
460 1978 710 2027 habitatus
750 1981 880 2028 orbis
921 1987 968 2028 et
1006 1982 1054 2026 in
1092 1980 1292 2042 longum
1332 1986 1497 2043 pateat
1535 1987 1584 2028 et
1622 1982 1668 2026 in
1709 1980 1876 2041 latum,
1918 1976 2240 2044 contingatss),
2282 1995 2471 2030 omnem
2506 1996 2566 2030 ex

312 2065 469 2115 aequo
512 2053 748 2100 visionem
787 2068 817 2100 a
854 2052 1000 2100 Luna
1036 2053 1262 2101 reflexam
1302 2068 1433 2101 mare
1472 2054 1772 2115 contingere,
1826 2068 1924 2102 una
1974 2068 2082 2102 cum
2136 2055 2254 2116 ipsis
2295 2051 2419 2116 (ἁμα
2447 2055 2564 2118 τοις)

313 2125 660 2187 navigantibus
699 2127 746 2173 in
786 2125 870 2174 illo
910 2140 1084 2189 magno
1124 2129 1271 2185 mari,
1322 2141 1406 2189 per
1445 2125 1651 2183 Jovem,
1693 2133 1742 2174 et
1778 2140 1886 2174 cum
1925 2126 2258 2175 habitantibus
2299 2130 2344 2174 in
2386 2142 2469 2188 eo,
2509 2136 2564 2176 ut

311 2198 580 2246 Britannis:
620 2213 717 2247 non
757 2199 996 2258 obstante,
1036 2200 1167 2262 quod
1207 2199 1370 2261 Terra,
1412 2205 1464 2247 ut
1504 2198 1708 2260 dixistis,
1749 2213 1809 2248 ne
1840 2201 1986 2249 centri
2016 2199 2211 2263 quidem
2237 2202 2470 2249 rationem
2498 2201 2560 2249 ad

311 2271 498 2320 coelum
538 2271 704 2320 Lunae
744 2266 1008 2333 obtinet9).
1084 2271 1193 2321 Hoc
1243 2273 1408 2335 igitur,
1464 2272 1683 2334 aJebam,
1739 2272 2042 2322 considerare
2095 2275 2165 2321 tui
2207 2273 2559 2337 (Apollonidis)

315 2345 526 2392 muneris
565 2351 661 2405 est3
711 2359 817 2393 eam
859 2359 996 2405 ver0,
1037 2360 1163 2407 quae
1201 2344 1255 2393 fit
1293 2345 1354 2394 ad
1394 2345 1609 2407 Lunam,
1656 2344 1899 2394 radiorum
1938 2353 2024 2394 aut
2063 2348 2195 2395 visus
2234 2346 2559 2408 reflexionem,

310 2431 403 2465 non
437 2417 542 2479 jam
581 2420 666 2476 tui,
707 2418 840 2479 (sed)
881 2417 1162 2480 Hipparchi.
1239 2417 1557 2482 Quanquam,
1607 2420 1674 2466 mi
1714 2418 1966 2482 Lampria,
2006 2418 2143 2467 multi
2182 2426 2318 2481 sunt,
2382 2420 2560 2482 quibus

311 2491 352 2538 is
390 2504 486 2537 non
525 2490 699 2552 placet,
741 2490 853 2537 dum
893 2497 1115 2539 naturam
1143 2493 1278 2539 visus
1312 2490 1537 2552 explicat,
1577 2498 1794 2539 statuens
1834 2492 1990 2555 <illum
2031 2492 2192 2554 egredi
2232 2491 2293 2540 ad
2333 2492 2559 2542 visibilia.

311 2563 378 2610 At
415 2577 531 2611 vero
564 2565 795 2626 corporis)
835 2566 993 2626 ipsum
1031 2566 1232 2612 retinere
1258 2578 1520 2612 consonam
1558 2567 1838 2627 temperiem
1879 2570 1927 2613 et
1966 2567 2317 2613 concretionem
2345 2580 2554 2615 consen-

310 2642 503 2684 taneum
531 2642 604 2683 est
630 2638 798 2697 magis,
841 2651 985 2698 quam
1019 2635 1365 2696 eiaculationes
1391 2638 1555 2685 nescio
1583 2651 1706 2699 quas
1733 2644 1782 2686 et
1819 2636 2159 2687 resultationes
2187 2651 2273 2686 seu
2301 2641 2555 2688 emicatio-

311 2723 411 2769 neS,
458 2709 730 2769 cujusmodi
770 2709 1006 2771 Epicurus
1045 2709 1232 2756 affinxit
1269 2710 1369 2757 suis
1408 2711 1601 2760 atomis

483 2780 591 2829 Non
631 2788 750 2844 puto
790 2796 905 2830 vero
946 2781 1228 2830 Clearchum
1270 2782 1396 2830 velle
1442 2783 1584 2830 nobis
1622 2796 1794 2845 corpus
1835 2781 2002 2831 Lunae
2049 2798 2317 2847 proponere
2358 2783 2556 2834 densum

308 2859 357 2903 et
393 2852 617 2914 solidum,
657 2854 740 2902 sed
780 2854 913 2903 sidus
953 2855 1231 2904 aethereum
1259 2861 1308 2903 et
1343 2855 1608 2915 luciferum,
1649 2861 1704 2902 ut
1741 2855 1917 2904 dicitis.
1969 2855 2104 2904 Talis
2145 2872 2259 2906 vero
2289 2854 2423 2923 (cum
2454 2860 2554 2920 sit),

309 2928 536 2976 convenit
573 2927 823 2989 equidem,
878 2933 931 2975 ut
983 2929 1214 2976 visorium
1252 2927 1439 2976 radium
1480 2934 1528 2976 et
1564 2929 1711 2976 ictum
1752 2930 1898 2977 etiam
1936 2935 2126 2978 avertat
2165 2934 2276 2990 (non
2309 2932 2560 2991 admittat).

308 3000 482 3062 Itaque
520 3002 643 3062 perit
680 3001 821 3048 nobis
860 3000 1070 3049 reflexio.

483 3072 570 3122 Sin
609 3079 772 3121 autem
812 3075 1007 3136 insuper
1033 3074 1143 3135 quis
1177 3087 1268 3121 nos
1295 3078 1478 3134 urgeat,
1520 3087 1822 3134 quaeremuS,
1863 3074 1946 3136 qui
1984 3074 2069 3122 fiat
2095 3073 2224 3137 quod
2252 3075 2408 3123 solum
2448 3077 2562 3126 insit

306 3146 356 3192 in
394 3144 534 3194 Luna
571 3146 734 3206 facies,
777 3148 920 3195 maris
959 3145 1144 3195 scilicet
1180 3145 1433 3208 speculare
1472 3145 1804 3205 simulacrum,
1842 3161 2001 3209 neque
2041 3147 2135 3196 tale
2177 3147 2291 3211 quid
2332 3148 2556 3197 videatur

307 3219 354 3264 in
394 3219 495 3266 ullo
535 3219 633 3267 alio
673 3218 840 3267 talium
884 3217 1135 3268 siderum‘r>
1199 3220 1349 3280 Atqui
1386 3217 1604 3281 postulat
1642 3220 1811 3281 utique
1849 3221 2087 3282 aequitas,
2128 3228 2182 3269 ut
2220 3223 2354 3270 visus
2381 3228 2466 3270 aut
2494 3223 2556 3271 ab

308 3293 530 3340 omnibus
570 3295 795 3354 patiatur,
837 3298 922 3340 aut
961 3307 991 3340 a
1028 3292 1162 3341 nullo
1201 3291 1373 3340 sidere.

479 3364 576 3413 Sed
615 3361 761 3432 (ordo
790 3366 1040 3423 sermoniS,
1079 3367 1294 3428 inquam,
1334 3358 1582 3430 pervenit)
1620 3361 1682 3410 ad
1708 3362 1992 3425 Lucium,
2033 3364 2094 3413 ad
2123 3381 2265 3429 quem
2291 3367 2553 3430 respiciens

313 3442 367 3484 tu
406 3437 649 3498 quodnam
688 3440 893 3501 primum
935 3453 993 3487 ex
1030 3439 1206 3486 nostris
1247 3437 1426 3485 dictum
1465 3437 1620 3496 fuerit,
1661 3437 1707 3482 in
1747 3443 1953 3485 mentem
1990 3453 2181 3487 revoca.
2256 3440 2319 3488 Et
2356 3440 2552 3501 Lucius,

310 3522 370 3556 ne
408 3517 584 3569 tamen,
624 3513 795 3573 inquit,
837 3512 1020 3559 affatim
1059 3510 1344 3560 collutulare
1370 3509 1622 3559 videamur
1646 3507 1961 3571 Pharnacem,
2002 3513 2042 3559 si
2069 3514 2329 3560 stoicorum
2362 3515 2555 3575 opinio-

308 3595 417 3629 nem
456 3585 526 3631 sic
563 3585 795 3632 intactam
834 3586 1290 3647 praetermittamus.
1367 3584 1473 3646 Age
1513 3583 1692 3630 dissere
1730 3580 1916 3644 aliquid
1955 3590 2122 3633 contra
2158 3584 2428 3643 hominem,
2469 3587 2552 3647 qui

310 3654 503 3702 omnino
542 3658 795 3705 mixturam
834 3659 971 3719 ponit
1011 3672 1116 3706 esse
1141 3657 1329 3705 Lunam
1370 3671 1429 3704 ex
1467 3658 1576 3705 aere
1614 3661 1662 3703 et
1687 3655 1786 3718 igni
1817 3659 2016 3705 remisso
2044 3672 2131 3706 seu
2157 3657 2336 3718 hebeti,
2375 3657 2551 3708 deinde

309 3726 447 3774 velut
483 3728 530 3773 in
571 3730 919 3791 tranquillitate
959 3732 1120 3789 maris,
1159 3730 1464 3778 horrescente
1504 3727 1737 3776 undarum
1776 3729 2044 3790 superficie,
2086 3731 2217 3788 dicit,
2258 3733 2368 3779 aere
2400 3732 2552 3792 nigri-

309 3805 448 3847 cante
488 3801 691 3849 existere
729 3806 1220 3864 repraesentationem
1259 3809 1416 3851 certae
1452 3801 1632 3849 formae
1677 3802 1851 3862 specie.
1916 3801 2004 3862 (Et
2042 3800 2174 3869 Ego)
2212 3803 2548 3865 percommode

308 3877 387 3937 tu,
437 3873 659 3938 inquam,
713 3877 795 3938 qui
834 3874 1183 3925 absurditatem
1220 3876 1458 3938 insignem
1507 3873 1694 3922 festivis
1733 3878 1781 3922 et
1806 3873 1967 3937 'gratis
2005 3876 2218 3924 involvis
2255 3876 2546 3925 nominibus.
2627 3896 2633 3903 ·
