<?xml version="1.0" encoding="UTF-8"?>
<!DOCTYPE html PUBLIC "-//W3C//DTD XHTML 1.0 Transitional//EN"
    "http://www.w3.org/TR/xhtml1/DTD/xhtml1-transitional.dtd">
<html xmlns="http://www.w3.org/1999/xhtml" xml:lang="en" lang="en">
 <head>
  <title>
</title>
<meta http-equiv="Content-Type" content="text/html;charset=utf-8" />
  <meta name='ocr-system' content='tesseract 3.04.00' />
  <meta name='ocr-capabilities' content='ocr_page ocr_carea ocr_par ocr_line ocrx_word'/>
</head>
<body>
  <div class='ocr_page' id='page_1' title='image "./operaomniaedidit81kepluoft_0242.png"; bbox 0 0 2652 4088; ppageno 0'>
   <div class='ocr_carea' id='block_1_1' title="bbox 339 168 1995 243">
    <p class='ocr_par' dir='ltr' id='par_1_1' title="bbox 339 168 1995 243">
     <span class='ocr_line' id='line_1_1' title="bbox 339 168 1995 243; baseline -0.008 -9"><span class='ocrx_word' id='word_1_1' title='bbox 339 172 444 243; x_wconf 70' lang='grc'>228</span> <span class='ocrx_word' id='word_1_2' title='bbox 940 168 1224 226; x_wconf 82' lang='lat' dir='ltr'>Gollectanea</span> <span class='ocrx_word' id='word_1_3' title='bbox 1254 191 1312 224; x_wconf 87' lang='lat' dir='ltr'>ex</span> <span class='ocrx_word' id='word_1_4' title='bbox 1344 171 1574 225; x_wconf 84' lang='lat' dir='ltr'><strong>codicibus</strong></span> <span class='ocrx_word' id='word_1_5' title='bbox 1603 171 1995 224; x_wconf 84' lang='lat' dir='ltr'>Pulkoviensibus.</span> 
     </span>
    </p>
   </div>
   <div class='ocr_carea' id='block_1_2' title="bbox 316 326 2652 3755">
    <p class='ocr_par' dir='ltr' id='par_1_2' title="bbox 339 326 2589 465">
     <span class='ocr_line' id='line_1_2' title="bbox 341 326 2589 395; baseline -0.001 -15"><span class='ocrx_word' id='word_1_6' title='bbox 341 332 506 395; x_wconf 82' lang='lat' dir='ltr'>anguli</span> <span class='ocrx_word' id='word_1_7' title='bbox 546 330 628 379; x_wconf 91' lang='lat' dir='ltr'>FE</span> <span class='ocrx_word' id='word_1_8' title='bbox 669 328 1073 392; x_wconf 85' lang='lat' dir='ltr'>complementum</span> <span class='ocrx_word' id='word_1_9' title='bbox 1110 329 1199 376; x_wconf 84' lang='grc' dir='ltr'>ΕΙ)</span> <span class='ocrx_word' id='word_1_10' title='bbox 1251 330 1300 377; x_wconf 86' lang='lat' dir='ltr'>in</span> <span class='ocrx_word' id='word_1_11' title='bbox 1338 329 1570 392; x_wconf 87' lang='lat' dir='ltr'>margine.</span> <span class='ocrx_word' id='word_1_12' title='bbox 1644 327 1773 378; x_wconf 90' lang='lat' dir='ltr'>Hinc</span> <span class='ocrx_word' id='word_1_13' title='bbox 1821 328 2028 376; x_wconf 84' lang='lat' dir='ltr'>habebis</span> <span class='ocrx_word' id='word_1_14' title='bbox 2075 327 2124 374; x_wconf 88' lang='lat' dir='ltr'>in</span> <span class='ocrx_word' id='word_1_15' title='bbox 2175 339 2307 376; x_wconf 83' lang='lat' dir='ltr'>novo</span> <span class='ocrx_word' id='word_1_16' title='bbox 2345 326 2589 392; x_wconf 84' lang='lat' dir='ltr'>triangulo</span> 
     </span>
     <span class='ocr_line' id='line_1_3' title="bbox 339 403 1206 465; baseline -0.007 -9"><span class='ocrx_word' id='word_1_17' title='bbox 339 408 466 456; x_wconf 91' lang='lat' dir='ltr'>latus</span> <span class='ocrx_word' id='word_1_18' title='bbox 507 405 729 463; x_wconf 90' lang='lat' dir='ltr'>alterum,</span> <span class='ocrx_word' id='word_1_19' title='bbox 770 411 823 450; x_wconf 91' lang='lat' dir='ltr'>ut</span> <span class='ocrx_word' id='word_1_20' title='bbox 862 406 907 450; x_wconf 92' lang='lat' dir='ltr'>in</span> <span class='ocrx_word' id='word_1_21' title='bbox 947 403 1206 465; x_wconf 71' lang='lat' dir='ltr'>prioribus,</span> 
     </span>
    </p>

    <p class='ocr_par' dir='ltr' id='par_1_3' title="bbox 339 473 2610 684">
     <span class='ocr_line' id='line_1_4' title="bbox 510 473 2589 537; baseline -0.001 -12"><span class='ocrx_word' id='word_1_22' title='bbox 510 478 666 525; x_wconf 82' lang='lat' dir='ltr'><strong>Detur</strong></span> <span class='ocrx_word' id='word_1_23' title='bbox 707 478 835 524; x_wconf 86' lang='lat' dir='ltr'>basis</span> <span class='ocrx_word' id='word_1_24' title='bbox 876 491 984 524; x_wconf 91' lang='lat' dir='ltr'>cum</span> <span class='ocrx_word' id='word_1_25' title='bbox 1023 476 1219 537; x_wconf 78' lang='lat' dir='ltr'>angulo,</span> <span class='ocrx_word' id='word_1_26' title='bbox 1287 474 1477 536; x_wconf 81' lang='lat' dir='ltr'>Quaere</span> <span class='ocrx_word' id='word_1_27' title='bbox 1503 475 1679 524; x_wconf 88' lang='lat' dir='ltr'>baseos</span> <span class='ocrx_word' id='word_1_28' title='bbox 1719 473 2123 537; x_wconf 85' lang='lat' dir='ltr'>complementum</span> <span class='ocrx_word' id='word_1_29' title='bbox 2149 474 2198 520; x_wconf 90' lang='lat' dir='ltr'>in</span> <span class='ocrx_word' id='word_1_30' title='bbox 2225 487 2322 521; x_wconf 92' lang='lat' dir='ltr'>uno</span> <span class='ocrx_word' id='word_1_31' title='bbox 2358 474 2589 535; x_wconf 76' lang='lat' dir='ltr'>margine,</span> 
     </span>
     <span class='ocr_line' id='line_1_5' title="bbox 339 545 2610 614; baseline -0.003 -13"><span class='ocrx_word' id='word_1_32' title='bbox 339 550 502 614; x_wconf 88' lang='lat' dir='ltr'>anguli</span> <span class='ocrx_word' id='word_1_33' title='bbox 542 549 946 612; x_wconf 83' lang='lat' dir='ltr'>complementum</span> <span class='ocrx_word' id='word_1_34' title='bbox 988 551 1035 595; x_wconf 93' lang='lat' dir='ltr'>in</span> <span class='ocrx_word' id='word_1_35' title='bbox 1073 549 1240 608; x_wconf 78' lang='lat' dir='ltr'>altem,</span> <span class='ocrx_word' id='word_1_36' title='bbox 1281 564 1394 596; x_wconf 85' lang='lat' dir='ltr'>area</span> <span class='ocrx_word' id='word_1_37' title='bbox 1433 548 1568 597; x_wconf 89' lang='lat' dir='ltr'>dabit</span> <span class='ocrx_word' id='word_1_38' title='bbox 1594 549 1997 612; x_wconf 87' lang='lat' dir='ltr'>complementum</span> <span class='ocrx_word' id='word_1_39' title='bbox 2026 547 2191 594; x_wconf 80' lang='lat' dir='ltr'>late-ris</span> <span class='ocrx_word' id='word_1_40' title='bbox 2216 545 2396 609; x_wconf 86' lang='lat' dir='ltr'>angulo</span> <span class='ocrx_word' id='word_1_41' title='bbox 2436 556 2610 610; x_wconf 64' lang='lat' dir='ltr'>oppo-‘</span> 
     </span>
     <span class='ocr_line' id='line_1_6' title="bbox 342 619 2427 684; baseline -0.003 -10"><span class='ocrx_word' id='word_1_42' title='bbox 342 627 437 675; x_wconf 88' lang='lat' dir='ltr'>siti.</span> <span class='ocrx_word' id='word_1_43' title='bbox 514 623 634 671; x_wconf 90' lang='lat' dir='ltr'>Inde</span> <span class='ocrx_word' id='word_1_44' title='bbox 674 623 913 670; x_wconf 84' lang='lat' dir='ltr'>habentur</span> <span class='ocrx_word' id='word_1_45' title='bbox 952 629 1000 670; x_wconf 90' lang='lat' dir='ltr'>et</span> <span class='ocrx_word' id='word_1_46' title='bbox 1036 622 1238 684; x_wconf 89' lang='lat' dir='ltr'>reliqua,</span> <span class='ocrx_word' id='word_1_47' title='bbox 1280 636 1406 683; x_wconf 86' lang='lat' dir='ltr'>quae</span> <span class='ocrx_word' id='word_1_48' title='bbox 1445 636 1531 683; x_wconf 89' lang='lat' dir='ltr'>per</span> <span class='ocrx_word' id='word_1_49' title='bbox 1568 623 1707 670; x_wconf 87' lang='lat' dir='ltr'>basin</span> <span class='ocrx_word' id='word_1_50' title='bbox 1747 628 1794 670; x_wconf 89' lang='lat' dir='ltr'>et</span> <span class='ocrx_word' id='word_1_51' title='bbox 1833 621 1961 669; x_wconf 86' lang='lat' dir='ltr'>latus</span> <span class='ocrx_word' id='word_1_52' title='bbox 2000 619 2168 668; x_wconf 85' lang='lat' dir='ltr'>haberi</span> <span class='ocrx_word' id='word_1_53' title='bbox 2206 626 2427 682; x_wconf 84' lang='lat' dir='ltr'>possunt.</span> 
     </span>
    </p>

    <p class='ocr_par' dir='ltr' id='par_1_4' title="bbox 336 691 2594 977">
     <span class='ocr_line' id='line_1_7' title="bbox 510 691 2591 759; baseline -0.001 -16"><span class='ocrx_word' id='word_1_54' title='bbox 510 697 662 744; x_wconf 87' lang='lat' dir='ltr'>Latus</span> <span class='ocrx_word' id='word_1_55' title='bbox 702 711 809 743; x_wconf 93' lang='lat' dir='ltr'>cum</span> <span class='ocrx_word' id='word_1_56' title='bbox 848 695 1134 759; x_wconf 83' lang='lat' dir='ltr'>adjacente,</span> <span class='ocrx_word' id='word_1_57' title='bbox 1186 701 1238 742; x_wconf 92' lang='lat' dir='ltr'>ut</span> <span class='ocrx_word' id='word_1_58' title='bbox 1276 693 1374 754; x_wconf 99' lang='grc' dir='ltr'>ΒΟ,</span> <span class='ocrx_word' id='word_1_59' title='bbox 1417 694 1564 743; x_wconf 88' lang='grc' dir='ltr'>ΒΟΑ.</span> <span class='ocrx_word' id='word_1_60' title='bbox 1639 695 1735 743; x_wconf 87' lang='lat' dir='ltr'>Hic</span> <span class='ocrx_word' id='word_1_61' title='bbox 1773 695 1925 743; x_wconf 88' lang='lat' dir='ltr'>transi</span> <span class='ocrx_word' id='word_1_62' title='bbox 1971 695 2019 740; x_wconf 91' lang='lat' dir='ltr'>in</span> <span class='ocrx_word' id='word_1_63' title='bbox 2071 691 2208 739; x_wconf 87' lang='lat' dir='ltr'>EGD</span> <span class='ocrx_word' id='word_1_64' title='bbox 2248 700 2295 742; x_wconf 90' lang='lat' dir='ltr'>et</span> <span class='ocrx_word' id='word_1_65' title='bbox 2333 692 2415 741; x_wconf 94' lang='lat' dir='ltr'>BG</span> <span class='ocrx_word' id='word_1_66' title='bbox 2462 691 2591 741; x_wconf 89' lang='lat' dir='ltr'>latus</span> 
     </span>
     <span class='ocr_line' id='line_1_8' title="bbox 342 766 2594 832; baseline -0.002 -13"><span class='ocrx_word' id='word_1_67' title='bbox 342 771 507 819; x_wconf 80' lang='lat' dir='ltr'>datum</span> <span class='ocrx_word' id='word_1_68' title='bbox 548 769 658 832; x_wconf 91' lang='lat' dir='ltr'>(ceu</span> <span class='ocrx_word' id='word_1_69' title='bbox 698 769 872 816; x_wconf 87' lang='lat' dir='ltr'>baseos</span> <span class='ocrx_word' id='word_1_70' title='bbox 915 767 1000 816; x_wconf 93' lang='lat' dir='ltr'>GD</span> <span class='ocrx_word' id='word_1_71' title='bbox 1041 767 1470 829; x_wconf 82' lang='lat' dir='ltr'>complementum)</span> <span class='ocrx_word' id='word_1_72' title='bbox 1519 782 1698 830; x_wconf 88' lang='lat' dir='ltr'>quaere</span> <span class='ocrx_word' id='word_1_73' title='bbox 1737 770 1784 815; x_wconf 89' lang='lat' dir='ltr'>in</span> <span class='ocrx_word' id='word_1_74' title='bbox 1825 781 1921 816; x_wconf 91' lang='lat' dir='ltr'>uno</span> <span class='ocrx_word' id='word_1_75' title='bbox 1962 768 2206 827; x_wconf 83' lang='lat' dir='ltr'>margine,</span> <span class='ocrx_word' id='word_1_76' title='bbox 2249 766 2413 828; x_wconf 87' lang='lat' dir='ltr'>anguli</span> <span class='ocrx_word' id='word_1_77' title='bbox 2457 780 2594 814; x_wconf 90' lang='lat' dir='ltr'>com-</span> 
     </span>
     <span class='ocr_line' id='line_1_9' title="bbox 336 838 2592 907; baseline -0.001 -17"><span class='ocrx_word' id='word_1_78' title='bbox 336 844 633 907; x_wconf 88' lang='lat' dir='ltr'>plementum</span> <span class='ocrx_word' id='word_1_79' title='bbox 674 841 749 888; x_wconf 93' lang='lat' dir='ltr'>HI</span> <span class='ocrx_word' id='word_1_80' title='bbox 788 845 834 888; x_wconf 92' lang='lat' dir='ltr'>in</span> <span class='ocrx_word' id='word_1_81' title='bbox 875 841 1055 902; x_wconf 86' lang='lat' dir='ltr'>altero,</span> <span class='ocrx_word' id='word_1_82' title='bbox 1109 855 1223 888; x_wconf 87' lang='lat' dir='ltr'>area</span> <span class='ocrx_word' id='word_1_83' title='bbox 1271 840 1407 888; x_wconf 86' lang='lat' dir='ltr'>dabit</span> <span class='ocrx_word' id='word_1_84' title='bbox 1447 840 1528 887; x_wconf 86' lang='lat' dir='ltr'>FE</span> <span class='ocrx_word' id='word_1_85' title='bbox 1580 841 1988 903; x_wconf 87' lang='lat' dir='ltr'>complementum</span> <span class='ocrx_word' id='word_1_86' title='bbox 2043 839 2207 887; x_wconf 85' lang='lat' dir='ltr'>lateris</span> <span class='ocrx_word' id='word_1_87' title='bbox 2247 839 2359 898; x_wconf 89' lang='lat' dir='ltr'>ED,</span> <span class='ocrx_word' id='word_1_88' title='bbox 2412 838 2592 901; x_wconf 85' lang='lat' dir='ltr'>angulo</span> 
     </span>
     <span class='ocr_line' id='line_1_10' title="bbox 336 911 2625 977; baseline -0.003 -11"><span class='ocrx_word' id='word_1_89' title='bbox 336 917 465 966; x_wconf 87' lang='lat' dir='ltr'>EGD</span> <span class='ocrx_word' id='word_1_90' title='bbox 507 916 735 977; x_wconf 90' lang='lat' dir='ltr'>oppositi,</span> <span class='ocrx_word' id='word_1_91' title='bbox 776 914 907 976; x_wconf 90' lang='lat' dir='ltr'>quod</span> <span class='ocrx_word' id='word_1_92' title='bbox 946 915 1028 962; x_wconf 88' lang='lat' dir='ltr'>FE</span> <span class='ocrx_word' id='word_1_93' title='bbox 1068 921 1156 973; x_wconf 87' lang='lat' dir='ltr'>est,</span> <span class='ocrx_word' id='word_1_94' title='bbox 1197 913 1327 960; x_wconf 92' lang='grc' dir='ltr'>ΒΑΟ</span> <span class='ocrx_word' id='word_1_95' title='bbox 1354 912 1576 961; x_wconf 87' lang='lat' dir='ltr'>residuus</span> <span class='ocrx_word' id='word_1_96' title='bbox 1615 915 1839 976; x_wconf 88' lang='lat' dir='ltr'>angulus,</span> <span class='ocrx_word' id='word_1_97' title='bbox 1881 928 1938 961; x_wconf 88' lang='lat' dir='ltr'>ex</span> <span class='ocrx_word' id='word_1_98' title='bbox 1978 925 2075 974; x_wconf 90' lang='lat' dir='ltr'>quo</span> <span class='ocrx_word' id='word_1_99' title='bbox 2114 911 2355 960; x_wconf 84' lang='lat' dir='ltr'>habentur</span> <span class='ocrx_word' id='word_1_100' title='bbox 2389 912 2625 974; x_wconf 82' lang='lat' dir='ltr'>reliqua.</span> 
     </span>
    </p>

    <p class='ocr_par' dir='ltr' id='par_1_5' title="bbox 345 984 2621 1126">
     <span class='ocr_line' id='line_1_11' title="bbox 514 984 2621 1050; baseline 0 -15"><span class='ocrx_word' id='word_1_101' title='bbox 514 988 736 1049; x_wconf 87' lang='lat' dir='ltr'>Angulus</span> <span class='ocrx_word' id='word_1_102' title='bbox 785 995 1003 1049; x_wconf 86' lang='lat' dir='ltr'>uterque.</span> <span class='ocrx_word' id='word_1_103' title='bbox 1078 987 1216 1034; x_wconf 89' lang='lat' dir='ltr'>Tunc</span> <span class='ocrx_word' id='word_1_104' title='bbox 1265 988 1312 1032; x_wconf 92' lang='lat' dir='ltr'>in</span> <span class='ocrx_word' id='word_1_105' title='bbox 1353 986 1510 1046; x_wconf 89' lang='lat' dir='ltr'>ECD,</span> <span class='ocrx_word' id='word_1_106' title='bbox 1562 986 1650 1034; x_wconf 87' lang='grc' dir='ltr'>ΕΙ)</span> <span class='ocrx_word' id='word_1_107' title='bbox 1691 994 1764 1036; x_wconf 87' lang='lat' dir='ltr'>est</span> <span class='ocrx_word' id='word_1_108' title='bbox 1815 985 2222 1050; x_wconf 88' lang='lat' dir='ltr'>complementum</span> <span class='ocrx_word' id='word_1_109' title='bbox 2267 985 2350 1033; x_wconf 69' lang='grc' dir='ltr'>ΒΕ</span> <span class='ocrx_word' id='word_1_110' title='bbox 2400 984 2501 1033; x_wconf 83' lang='lat' dir='ltr'>dati</span> <span class='ocrx_word' id='word_1_111' title='bbox 2545 988 2621 1041; x_wconf 77' lang='lat' dir='ltr'>et</span> 
     </span>
     <span class='ocr_line' id='line_1_12' title="bbox 345 1058 2593 1126; baseline -0.001 -15"><span class='ocrx_word' id='word_1_112' title='bbox 345 1063 451 1126; x_wconf 85' lang='lat' dir='ltr'>ejus</span> <span class='ocrx_word' id='word_1_113' title='bbox 492 1063 746 1124; x_wconf 87' lang='lat' dir='ltr'>oppositus</span> <span class='ocrx_word' id='word_1_114' title='bbox 785 1060 930 1108; x_wconf 91' lang='lat' dir='ltr'>EGD.</span> <span class='ocrx_word' id='word_1_115' title='bbox 1012 1058 1202 1121; x_wconf 85' lang='lat' dir='ltr'>Quaere</span> <span class='ocrx_word' id='word_1_116' title='bbox 1240 1061 1414 1107; x_wconf 89' lang='lat' dir='ltr'>iterum</span> <span class='ocrx_word' id='word_1_117' title='bbox 1453 1066 1508 1106; x_wconf 90' lang='lat' dir='ltr'>ut</span> <span class='ocrx_word' id='word_1_118' title='bbox 1542 1061 1694 1122; x_wconf 75' lang='lat' dir='ltr'>ptine.</span> <span class='ocrx_word' id='word_1_119' title='bbox 2577 1075 2593 1097; x_wconf 66' lang='lat'>⁹⁴</span> 
     </span>
    </p>

    <p class='ocr_par' dir='ltr' id='par_1_6' title="bbox 514 1132 1693 1193">
     <span class='ocr_line' id='line_1_13' title="bbox 514 1132 1693 1193; baseline 0 -11"><span class='ocrx_word' id='word_1_120' title='bbox 514 1136 564 1182; x_wconf 70' lang='lat' dir='ltr'>si</span> <span class='ocrx_word' id='word_1_121' title='bbox 606 1133 745 1180; x_wconf 90' lang='lat' dir='ltr'>datur</span> <span class='ocrx_word' id='word_1_122' title='bbox 785 1133 888 1193; x_wconf 88' lang='lat' dir='ltr'>AB,</span> <span class='ocrx_word' id='word_1_123' title='bbox 930 1133 1027 1191; x_wconf 91' lang='lat' dir='ltr'>BG,</span> <span class='ocrx_word' id='word_1_124' title='bbox 1069 1133 1314 1180; x_wconf 90' lang='lat' dir='ltr'>invenitur</span> <span class='ocrx_word' id='word_1_125' title='bbox 1353 1134 1399 1179; x_wconf 90' lang='lat' dir='ltr'>in</span> <span class='ocrx_word' id='word_1_126' title='bbox 1440 1147 1553 1180; x_wconf 90' lang='lat' dir='ltr'>area</span> <span class='ocrx_word' id='word_1_127' title='bbox 1590 1132 1693 1185; x_wconf 84' lang='lat' dir='ltr'>AC.</span> 
     </span>
    </p>

    <p class='ocr_par' dir='ltr' id='par_1_7' title="bbox 517 1205 1620 1267">
     <span class='ocr_line' id='line_1_14' title="bbox 517 1205 1620 1267; baseline -0.002 -13"><span class='ocrx_word' id='word_1_128' title='bbox 517 1207 569 1255; x_wconf 87' lang='lat' dir='ltr'>Si</span> <span class='ocrx_word' id='word_1_129' title='bbox 611 1205 708 1267; x_wconf 91' lang='grc' dir='ltr'>ΒΟ,</span> <span class='ocrx_word' id='word_1_130' title='bbox 750 1205 851 1266; x_wconf 89' lang='lat' dir='ltr'>CA,</span> <span class='ocrx_word' id='word_1_131' title='bbox 891 1207 1135 1254; x_wconf 90' lang='lat' dir='ltr'>invenitur</span> <span class='ocrx_word' id='word_1_132' title='bbox 1172 1207 1220 1252; x_wconf 84' lang='lat' dir='ltr'>in</span> <span class='ocrx_word' id='word_1_133' title='bbox 1259 1208 1474 1267; x_wconf 85' lang='lat' dir='ltr'>margine</span> <span class='ocrx_word' id='word_1_134' title='bbox 1514 1205 1620 1258; x_wconf 79' lang='grc' dir='ltr'>ΑΒ,</span> 
     </span>
    </p>

    <p class='ocr_par' dir='ltr' id='par_1_8' title="bbox 514 1278 1616 1342">
     <span class='ocr_line' id='line_1_15' title="bbox 514 1278 1616 1342; baseline -0.001 -15"><span class='ocrx_word' id='word_1_135' title='bbox 514 1280 563 1328; x_wconf 86' lang='lat' dir='ltr'>Si</span> <span class='ocrx_word' id='word_1_136' title='bbox 606 1279 708 1338; x_wconf 90' lang='lat' dir='ltr'>BA,</span> <span class='ocrx_word' id='word_1_137' title='bbox 752 1279 852 1340; x_wconf 92' lang='lat' dir='ltr'>AG,</span> <span class='ocrx_word' id='word_1_138' title='bbox 893 1281 1135 1327; x_wconf 88' lang='lat' dir='ltr'>invenitur</span> <span class='ocrx_word' id='word_1_139' title='bbox 1172 1280 1219 1325; x_wconf 88' lang='lat' dir='ltr'>in</span> <span class='ocrx_word' id='word_1_140' title='bbox 1260 1281 1475 1342; x_wconf 85' lang='lat' dir='ltr'>margine</span> <span class='ocrx_word' id='word_1_141' title='bbox 1515 1278 1616 1331; x_wconf 83' lang='grc' dir='ltr'>ΒΟ,</span> 
     </span>
    </p>

    <p class='ocr_par' dir='ltr' id='par_1_9' title="bbox 512 1351 1647 1400">
     <span class='ocr_line' id='line_1_16' title="bbox 512 1351 1647 1400; baseline 0 0"><span class='ocrx_word' id='word_1_142' title='bbox 512 1353 569 1400; x_wconf 93' lang='lat' dir='ltr'>In</span> <span class='ocrx_word' id='word_1_143' title='bbox 610 1352 683 1399; x_wconf 88' lang='lat' dir='ltr'>bis</span> <span class='ocrx_word' id='word_1_144' title='bbox 723 1353 876 1400; x_wconf 88' lang='lat' dir='ltr'>tribus</span> <span class='ocrx_word' id='word_1_145' title='bbox 917 1354 1112 1400; x_wconf 82' lang='lat' dir='ltr'>casibus</span> <span class='ocrx_word' id='word_1_146' title='bbox 1150 1359 1370 1400; x_wconf 86' lang='lat' dir='ltr'>manetur</span> <span class='ocrx_word' id='word_1_147' title='bbox 1409 1354 1458 1398; x_wconf 91' lang='lat' dir='ltr'>in</span> <span class='ocrx_word' id='word_1_148' title='bbox 1499 1351 1647 1400; x_wconf 85' lang='lat' dir='ltr'>ABG.</span> 
     </span>
    </p>

    <p class='ocr_par' dir='ltr' id='par_1_10' title="bbox 516 1424 2646 1488">
     <span class='ocr_line' id='line_1_17' title="bbox 516 1424 2646 1488; baseline 0.001 -14"><span class='ocrx_word' id='word_1_149' title='bbox 516 1427 569 1486; x_wconf 85' lang='lat'>1)</span> <span class='ocrx_word' id='word_1_150' title='bbox 611 1425 764 1473; x_wconf 85' lang='lat' dir='ltr'>Detur</span> <span class='ocrx_word' id='word_1_151' title='bbox 806 1425 908 1484; x_wconf 87' lang='lat' dir='ltr'>AB,</span> <span class='ocrx_word' id='word_1_152' title='bbox 949 1425 1047 1485; x_wconf 92' lang='grc' dir='ltr'>ΒΟ,</span> <span class='ocrx_word' id='word_1_153' title='bbox 1089 1433 1348 1488; x_wconf 83' lang='lat' dir='ltr'>quaeratur</span> <span class='ocrx_word' id='word_1_154' title='bbox 1386 1424 1534 1474; x_wconf 93' lang='grc' dir='ltr'>ΒΑΟ.</span> <span class='ocrx_word' id='word_1_155' title='bbox 2642 1455 2646 1459; x_wconf 94' lang='grc'>-</span> 
     </span>
    </p>

    <p class='ocr_par' dir='ltr' id='par_1_11' title="bbox 339 1495 2591 1634">
     <span class='ocr_line' id='line_1_18' title="bbox 510 1495 2591 1561; baseline 0.001 -16"><span class='ocrx_word' id='word_1_156' title='bbox 510 1498 725 1545; x_wconf 88' lang='lat' dir='ltr'>Primum</span> <span class='ocrx_word' id='word_1_157' title='bbox 764 1500 812 1544; x_wconf 91' lang='lat' dir='ltr'>in</span> <span class='ocrx_word' id='word_1_158' title='bbox 853 1501 958 1561; x_wconf 86' lang='lat' dir='ltr'>ipso</span> <span class='ocrx_word' id='word_1_159' title='bbox 990 1499 1118 1546; x_wconf 86' lang='lat' dir='ltr'>ABG</span> <span class='ocrx_word' id='word_1_160' title='bbox 1158 1501 1404 1561; x_wconf 87' lang='lat' dir='ltr'>quaeritur</span> <span class='ocrx_word' id='word_1_161' title='bbox 1431 1498 1532 1546; x_wconf 91' lang='grc' dir='ltr'>ΑΟ.</span> <span class='ocrx_word' id='word_1_162' title='bbox 1595 1497 1734 1546; x_wconf 89' lang='lat' dir='ltr'>Tunc</span> <span class='ocrx_word' id='word_1_163' title='bbox 1772 1498 1821 1544; x_wconf 89' lang='lat' dir='ltr'>in</span> <span class='ocrx_word' id='word_1_164' title='bbox 1849 1495 1976 1545; x_wconf 85' lang='lat' dir='ltr'>GED</span> <span class='ocrx_word' id='word_1_165' title='bbox 2018 1495 2296 1547; x_wconf 84' lang='lat' dir='ltr'>disceditur.</span> <span class='ocrx_word' id='word_1_166' title='bbox 2346 1496 2422 1547; x_wconf 88' lang='lat' dir='ltr'>Ibi</span> <span class='ocrx_word' id='word_1_167' title='bbox 2450 1495 2591 1547; x_wconf 84' lang='lat' dir='ltr'>datur</span> 
     </span>
     <span class='ocr_line' id='line_1_19' title="bbox 339 1570 2037 1634; baseline -0.002 -12"><span class='ocrx_word' id='word_1_168' title='bbox 339 1572 440 1633; x_wconf 91' lang='lat' dir='ltr'>GD,</span> <span class='ocrx_word' id='word_1_169' title='bbox 484 1570 579 1626; x_wconf 88' lang='grc' dir='ltr'>ΟΕ,</span> <span class='ocrx_word' id='word_1_170' title='bbox 620 1573 864 1619; x_wconf 87' lang='lat' dir='ltr'>invenitur</span> <span class='ocrx_word' id='word_1_171' title='bbox 903 1573 950 1618; x_wconf 92' lang='lat' dir='ltr'>in</span> <span class='ocrx_word' id='word_1_172' title='bbox 988 1574 1204 1634; x_wconf 89' lang='lat' dir='ltr'>margine</span> <span class='ocrx_word' id='word_1_173' title='bbox 1246 1572 1347 1631; x_wconf 88' lang='lat' dir='ltr'>ED,</span> <span class='ocrx_word' id='word_1_174' title='bbox 1391 1571 1798 1633; x_wconf 89' lang='lat' dir='ltr'>complementum</span> <span class='ocrx_word' id='word_1_175' title='bbox 1837 1570 1901 1619; x_wconf 86' lang='lat' dir='ltr'>ad</span> <span class='ocrx_word' id='word_1_176' title='bbox 1939 1570 2037 1619; x_wconf 88' lang='lat' dir='ltr'>FE.</span> 
     </span>
    </p>

    <p class='ocr_par' dir='ltr' id='par_1_12' title="bbox 512 1641 1609 1709">
     <span class='ocr_line' id='line_1_20' title="bbox 512 1641 1609 1709; baseline 0.003 -16"><span class='ocrx_word' id='word_1_177' title='bbox 512 1641 570 1709; x_wconf 80' lang='lat'>2)</span> <span class='ocrx_word' id='word_1_178' title='bbox 614 1645 768 1709; x_wconf 85' lang='lat' dir='ltr'>Detur</span> <span class='ocrx_word' id='word_1_179' title='bbox 809 1644 913 1703; x_wconf 88' lang='lat' dir='ltr'>AB,</span> <span class='ocrx_word' id='word_1_180' title='bbox 956 1645 1038 1693; x_wconf 93' lang='lat' dir='ltr'>BG</span> <span class='ocrx_word' id='word_1_181' title='bbox 1078 1652 1125 1694; x_wconf 91' lang='lat' dir='ltr'>et</span> <span class='ocrx_word' id='word_1_182' title='bbox 1164 1651 1423 1708; x_wconf 86' lang='lat' dir='ltr'>quaeratur</span> <span class='ocrx_word' id='word_1_183' title='bbox 1463 1645 1609 1696; x_wconf 81' lang='grc' dir='ltr'>ΒΟΑ.</span> 
     </span>
    </p>

    <p class='ocr_par' dir='ltr' id='par_1_13' title="bbox 336 1714 2643 1854">
     <span class='ocr_line' id='line_1_21' title="bbox 511 1714 2643 1781; baseline 0 -15"><span class='ocrx_word' id='word_1_184' title='bbox 511 1714 728 1766; x_wconf 89' lang='lat' dir='ltr'>Primum</span> <span class='ocrx_word' id='word_1_185' title='bbox 781 1720 827 1764; x_wconf 96' lang='lat' dir='ltr'>in</span> <span class='ocrx_word' id='word_1_186' title='bbox 870 1718 998 1765; x_wconf 86' lang='lat' dir='ltr'>ABG</span> <span class='ocrx_word' id='word_1_187' title='bbox 1052 1721 1301 1781; x_wconf 88' lang='lat' dir='ltr'>quaeritur</span> <span class='ocrx_word' id='word_1_188' title='bbox 1339 1718 1442 1767; x_wconf 91' lang='lat' dir='ltr'>AG.</span> <span class='ocrx_word' id='word_1_189' title='bbox 1518 1717 1638 1765; x_wconf 89' lang='lat' dir='ltr'>Inde</span> <span class='ocrx_word' id='word_1_190' title='bbox 1684 1718 1733 1763; x_wconf 90' lang='lat' dir='ltr'>in</span> <span class='ocrx_word' id='word_1_191' title='bbox 1789 1717 1908 1765; x_wconf 88' lang='lat' dir='ltr'>AHI</span> <span class='ocrx_word' id='word_1_192' title='bbox 1956 1732 2015 1766; x_wconf 87' lang='lat' dir='ltr'>ex</span> <span class='ocrx_word' id='word_1_193' title='bbox 2055 1717 2174 1777; x_wconf 89' lang='lat' dir='ltr'>AH,</span> <span class='ocrx_word' id='word_1_194' title='bbox 2229 1718 2299 1767; x_wconf 92' lang='lat' dir='ltr'>AI</span> <span class='ocrx_word' id='word_1_195' title='bbox 2350 1718 2594 1767; x_wconf 83' lang='lat' dir='ltr'>invenitur</span> <span class='ocrx_word' id='word_1_196' title='bbox 2639 1716 2643 1721; x_wconf 80' lang='grc'><strong>’</strong></span> 
     </span>
     <span class='ocr_line' id='line_1_22' title="bbox 336 1789 2215 1854; baseline 0 -15"><span class='ocrx_word' id='word_1_197' title='bbox 336 1791 411 1839; x_wconf 93' lang='lat' dir='ltr'>HI</span> <span class='ocrx_word' id='word_1_198' title='bbox 449 1792 497 1838; x_wconf 89' lang='lat' dir='ltr'>in</span> <span class='ocrx_word' id='word_1_199' title='bbox 538 1793 769 1852; x_wconf 85' lang='lat' dir='ltr'>margine,</span> <span class='ocrx_word' id='word_1_200' title='bbox 811 1791 941 1852; x_wconf 92' lang='lat' dir='ltr'>quod</span> <span class='ocrx_word' id='word_1_201' title='bbox 984 1799 1056 1839; x_wconf 89' lang='lat' dir='ltr'>est</span> <span class='ocrx_word' id='word_1_202' title='bbox 1096 1791 1500 1854; x_wconf 87' lang='lat' dir='ltr'>complementum</span> <span class='ocrx_word' id='word_1_203' title='bbox 1541 1790 1603 1838; x_wconf 89' lang='lat' dir='ltr'>ad</span> <span class='ocrx_word' id='word_1_204' title='bbox 1641 1789 1754 1851; x_wconf 87' lang='lat' dir='ltr'>HG,</span> <span class='ocrx_word' id='word_1_205' title='bbox 1795 1790 2027 1854; x_wconf 86' lang='lat' dir='ltr'>angulum</span> <span class='ocrx_word' id='word_1_206' title='bbox 2068 1791 2215 1844; x_wconf 90' lang='grc' dir='ltr'>ΒΟΑ</span> 
     </span>
    </p>

    <p class='ocr_par' dir='ltr' id='par_1_14' title="bbox 512 1863 1597 1927">
     <span class='ocr_line' id='line_1_23' title="bbox 512 1863 1597 1927; baseline -0.002 -14"><span class='ocrx_word' id='word_1_207' title='bbox 512 1869 567 1923; x_wconf 82' lang='grc'>3)</span> <span class='ocrx_word' id='word_1_208' title='bbox 609 1864 764 1911; x_wconf 88' lang='lat' dir='ltr'>Detur</span> <span class='ocrx_word' id='word_1_209' title='bbox 803 1864 901 1924; x_wconf 87' lang='grc' dir='ltr'>ΒΟ,</span> <span class='ocrx_word' id='word_1_210' title='bbox 942 1864 1027 1911; x_wconf 87' lang='grc' dir='ltr'>ΟΑ</span> <span class='ocrx_word' id='word_1_211' title='bbox 1066 1870 1114 1912; x_wconf 81' lang='lat' dir='ltr'>et</span> <span class='ocrx_word' id='word_1_212' title='bbox 1153 1872 1413 1927; x_wconf 85' lang='lat' dir='ltr'>quaeratur</span> <span class='ocrx_word' id='word_1_213' title='bbox 1452 1863 1597 1911; x_wconf 87' lang='grc' dir='ltr'>ΒΑΟ.</span> 
     </span>
    </p>

    <p class='ocr_par' dir='ltr' id='par_1_15' title="bbox 338 1936 2594 2061">
     <span class='ocr_line' id='line_1_24' title="bbox 509 1936 2594 2004; baseline 0.004 -21"><span class='ocrx_word' id='word_1_214' title='bbox 509 1937 638 1998; x_wconf 85' lang='lat' dir='ltr'>Ergo</span> <span class='ocrx_word' id='word_1_215' title='bbox 680 1939 727 1983; x_wconf 92' lang='lat' dir='ltr'>in</span> <span class='ocrx_word' id='word_1_216' title='bbox 767 1936 896 1985; x_wconf 90' lang='lat' dir='ltr'>GED</span> <span class='ocrx_word' id='word_1_217' title='bbox 939 1937 1079 1985; x_wconf 89' lang='lat' dir='ltr'>datur</span> <span class='ocrx_word' id='word_1_218' title='bbox 1117 1937 1231 1999; x_wconf 93' lang='lat' dir='ltr'>DG,</span> <span class='ocrx_word' id='word_1_219' title='bbox 1273 1938 1352 1986; x_wconf 88' lang='grc' dir='ltr'>ΟΕ</span> <span class='ocrx_word' id='word_1_220' title='bbox 1392 1943 1440 1986; x_wconf 91' lang='lat' dir='ltr'>et</span> <span class='ocrx_word' id='word_1_221' title='bbox 1479 1937 1722 1986; x_wconf 88' lang='lat' dir='ltr'>invenitur</span> <span class='ocrx_word' id='word_1_222' title='bbox 1758 1937 1807 1983; x_wconf 90' lang='lat' dir='ltr'>in</span> <span class='ocrx_word' id='word_1_223' title='bbox 1846 1938 2062 2000; x_wconf 88' lang='lat' dir='ltr'>margine</span> <span class='ocrx_word' id='word_1_224' title='bbox 2100 1938 2213 2001; x_wconf 90' lang='lat' dir='ltr'>ED,</span> <span class='ocrx_word' id='word_1_225' title='bbox 2264 1940 2594 2004; x_wconf 88' lang='lat' dir='ltr'>complemen-</span> 
     </span>
     <span class='ocr_line' id='line_1_25' title="bbox 338 2011 678 2061; baseline -0.009 0"><span class='ocrx_word' id='word_1_226' title='bbox 338 2017 441 2061; x_wconf 84' lang='lat' dir='ltr'>tum</span> <span class='ocrx_word' id='word_1_227' title='bbox 479 2011 540 2059; x_wconf 90' lang='lat' dir='ltr'>ad</span> <span class='ocrx_word' id='word_1_228' title='bbox 582 2011 678 2059; x_wconf 76' lang='lat' dir='ltr'>EF.</span> 
     </span>
    </p>

    <p class='ocr_par' dir='ltr' id='par_1_16' title="bbox 340 2082 2597 2222">
     <span class='ocr_line' id='line_1_26' title="bbox 518 2082 2597 2153; baseline 0.003 -21"><span class='ocrx_word' id='word_1_229' title='bbox 518 2083 569 2147; x_wconf 88' lang='grc'>4)</span> <span class='ocrx_word' id='word_1_230' title='bbox 611 2084 765 2131; x_wconf 89' lang='lat' dir='ltr'>Detur</span> <span class='ocrx_word' id='word_1_231' title='bbox 803 2082 908 2141; x_wconf 82' lang='lat' dir='ltr'>BA,</span> <span class='ocrx_word' id='word_1_232' title='bbox 951 2082 1035 2131; x_wconf 93' lang='grc' dir='ltr'>ΑΟ</span> <span class='ocrx_word' id='word_1_233' title='bbox 1075 2090 1122 2132; x_wconf 93' lang='lat' dir='ltr'>et</span> <span class='ocrx_word' id='word_1_234' title='bbox 1162 2089 1424 2145; x_wconf 88' lang='lat' dir='ltr'>quaeratur</span> <span class='ocrx_word' id='word_1_235' title='bbox 1449 2083 1597 2133; x_wconf 87' lang='grc' dir='ltr'>ΒΟΑ.</span> <span class='ocrx_word' id='word_1_236' title='bbox 1653 2082 1780 2146; x_wconf 77' lang='lat' dir='ltr'>Ergo</span> <span class='ocrx_word' id='word_1_237' title='bbox 1819 2085 1866 2131; x_wconf 85' lang='lat' dir='ltr'>in</span> <span class='ocrx_word' id='word_1_238' title='bbox 1908 2083 2028 2133; x_wconf 88' lang='lat' dir='ltr'>AHI</span> <span class='ocrx_word' id='word_1_239' title='bbox 2068 2084 2208 2134; x_wconf 89' lang='lat' dir='ltr'>datur</span> <span class='ocrx_word' id='word_1_240' title='bbox 2233 2085 2344 2150; x_wconf 90' lang='lat' dir='ltr'>HA,</span> <span class='ocrx_word' id='word_1_241' title='bbox 2388 2087 2472 2150; x_wconf 87' lang='lat' dir='ltr'>AI,</span> <span class='ocrx_word' id='word_1_242' title='bbox 2511 2101 2597 2153; x_wconf 84' lang='lat' dir='ltr'>per</span> 
     </span>
     <span class='ocr_line' id='line_1_27' title="bbox 340 2156 2190 2222; baseline 0.001 -16"><span class='ocrx_word' id='word_1_243' title='bbox 340 2172 466 2222; x_wconf 90' lang='lat' dir='ltr'>quae</span> <span class='ocrx_word' id='word_1_244' title='bbox 505 2159 749 2205; x_wconf 90' lang='lat' dir='ltr'>invenitur</span> <span class='ocrx_word' id='word_1_245' title='bbox 787 2158 832 2203; x_wconf 91' lang='lat' dir='ltr'>in</span> <span class='ocrx_word' id='word_1_246' title='bbox 875 2159 1090 2218; x_wconf 87' lang='lat' dir='ltr'>margine</span> <span class='ocrx_word' id='word_1_247' title='bbox 1130 2157 1219 2216; x_wconf 89' lang='grc' dir='ltr'>ΗΙ,</span> <span class='ocrx_word' id='word_1_248' title='bbox 1261 2157 1666 2219; x_wconf 88' lang='lat' dir='ltr'>complementum</span> <span class='ocrx_word' id='word_1_249' title='bbox 1705 2156 1767 2205; x_wconf 90' lang='lat' dir='ltr'>ad</span> <span class='ocrx_word' id='word_1_250' title='bbox 1804 2156 1902 2206; x_wconf 90' lang='lat' dir='ltr'>HG</span> <span class='ocrx_word' id='word_1_251' title='bbox 1942 2158 2190 2222; x_wconf 88' lang='lat' dir='ltr'>angulum.</span> 
     </span>
    </p>

    <p class='ocr_par' dir='ltr' id='par_1_17' title="bbox 517 2225 2633 2299">
     <span class='ocr_line' id='line_1_28' title="bbox 517 2225 2633 2299; baseline -0.001 -19"><span class='ocrx_word' id='word_1_252' title='bbox 517 2225 570 2299; x_wconf 74' lang='grc' dir='ltr'>ὃ)</span> <span class='ocrx_word' id='word_1_253' title='bbox 612 2231 764 2278; x_wconf 88' lang='lat' dir='ltr'>Detur</span> <span class='ocrx_word' id='word_1_254' title='bbox 803 2228 899 2287; x_wconf 89' lang='grc' dir='ltr'>ΒΟ,</span> <span class='ocrx_word' id='word_1_255' title='bbox 941 2231 1025 2277; x_wconf 92' lang='grc' dir='ltr'>ΟΑ</span> <span class='ocrx_word' id='word_1_256' title='bbox 1068 2238 1115 2279; x_wconf 88' lang='lat' dir='ltr'>et</span> <span class='ocrx_word' id='word_1_257' title='bbox 1155 2238 1416 2292; x_wconf 87' lang='lat' dir='ltr'>quaeratur</span> <span class='ocrx_word' id='word_1_258' title='bbox 1455 2230 1602 2280; x_wconf 90' lang='grc' dir='ltr'>ΒΟΑ.</span> <span class='ocrx_word' id='word_1_259' title='bbox 2624 2260 2633 2268; x_wconf 58' lang='lat'><em>0</em></span> 
     </span>
    </p>

    <p class='ocr_par' dir='ltr' id='par_1_18' title="bbox 336 2302 2596 2441">
     <span class='ocr_line' id='line_1_29' title="bbox 512 2302 2596 2371; baseline 0.003 -20"><span class='ocrx_word' id='word_1_260' title='bbox 512 2304 726 2351; x_wconf 86' lang='lat' dir='ltr'>Primum</span> <span class='ocrx_word' id='word_1_261' title='bbox 767 2305 813 2349; x_wconf 92' lang='lat' dir='ltr'>in</span> <span class='ocrx_word' id='word_1_262' title='bbox 855 2302 984 2350; x_wconf 88' lang='lat' dir='ltr'>ABG</span> <span class='ocrx_word' id='word_1_263' title='bbox 1025 2307 1271 2365; x_wconf 89' lang='lat' dir='ltr'>quaeritur</span> <span class='ocrx_word' id='word_1_264' title='bbox 1304 2304 1406 2354; x_wconf 86' lang='lat' dir='ltr'>AB.</span> <span class='ocrx_word' id='word_1_265' title='bbox 1485 2304 1609 2351; x_wconf 90' lang='lat' dir='ltr'>Dein</span> <span class='ocrx_word' id='word_1_266' title='bbox 1651 2305 1697 2351; x_wconf 92' lang='lat' dir='ltr'>in</span> <span class='ocrx_word' id='word_1_267' title='bbox 1740 2304 1859 2352; x_wconf 90' lang='lat' dir='ltr'>AHI</span> <span class='ocrx_word' id='word_1_268' title='bbox 1901 2304 2074 2354; x_wconf 88' lang='lat' dir='ltr'>dantur</span> <span class='ocrx_word' id='word_1_269' title='bbox 2104 2305 2215 2367; x_wconf 88' lang='lat' dir='ltr'>AH,</span> <span class='ocrx_word' id='word_1_270' title='bbox 2258 2305 2328 2355; x_wconf 88' lang='lat' dir='ltr'>AI</span> <span class='ocrx_word' id='word_1_271' title='bbox 2366 2313 2413 2357; x_wconf 89' lang='lat' dir='ltr'>et</span> <span class='ocrx_word' id='word_1_272' title='bbox 2451 2308 2596 2371; x_wconf 85' lang='lat' dir='ltr'>igitur</span> 
     </span>
     <span class='ocr_line' id='line_1_30' title="bbox 336 2375 1680 2441; baseline -0.002 -15"><span class='ocrx_word' id='word_1_273' title='bbox 336 2377 410 2426; x_wconf 87' lang='lat' dir='ltr'>HI</span> <span class='ocrx_word' id='word_1_274' title='bbox 451 2379 498 2424; x_wconf 92' lang='lat' dir='ltr'>in</span> <span class='ocrx_word' id='word_1_275' title='bbox 539 2380 769 2438; x_wconf 86' lang='lat' dir='ltr'>margine,</span> <span class='ocrx_word' id='word_1_276' title='bbox 811 2391 877 2423; x_wconf 87' lang='lat' dir='ltr'>sc</span> <span class='ocrx_word' id='word_1_277' title='bbox 921 2378 1324 2439; x_wconf 87' lang='lat' dir='ltr'>complementum</span> <span class='ocrx_word' id='word_1_278' title='bbox 1364 2375 1460 2424; x_wconf 83' lang='lat' dir='ltr'>HG</span> <span class='ocrx_word' id='word_1_279' title='bbox 1499 2376 1680 2441; x_wconf 88' lang='lat' dir='ltr'>anguli.</span> 
     </span>
    </p>

    <p class='ocr_par' dir='ltr' id='par_1_19' title="bbox 337 2446 2618 2656">
     <span class='ocr_line' id='line_1_31' title="bbox 518 2446 2591 2519; baseline 0.002 -21"><span class='ocrx_word' id='word_1_280' title='bbox 518 2446 572 2519; x_wconf 83' lang='lat'>6)</span> <span class='ocrx_word' id='word_1_281' title='bbox 614 2451 765 2497; x_wconf 90' lang='lat' dir='ltr'>Detur</span> <span class='ocrx_word' id='word_1_282' title='bbox 807 2449 908 2507; x_wconf 88' lang='lat' dir='ltr'>BA,</span> <span class='ocrx_word' id='word_1_283' title='bbox 952 2450 1036 2498; x_wconf 90' lang='grc' dir='ltr'>ΑΟ</span> <span class='ocrx_word' id='word_1_284' title='bbox 1078 2459 1124 2499; x_wconf 89' lang='lat' dir='ltr'>et</span> <span class='ocrx_word' id='word_1_285' title='bbox 1164 2459 1424 2513; x_wconf 86' lang='lat' dir='ltr'>quaeratur</span> <span class='ocrx_word' id='word_1_286' title='bbox 1463 2449 1610 2514; x_wconf 85' lang='grc' dir='ltr'>ΒΑΟ.</span> <span class='ocrx_word' id='word_1_287' title='bbox 1687 2450 1900 2499; x_wconf 90' lang='lat' dir='ltr'>Primum</span> <span class='ocrx_word' id='word_1_288' title='bbox 1949 2452 1996 2499; x_wconf 89' lang='lat' dir='ltr'>in</span> <span class='ocrx_word' id='word_1_289' title='bbox 2039 2450 2167 2499; x_wconf 87' lang='lat' dir='ltr'>ABG</span> <span class='ocrx_word' id='word_1_290' title='bbox 2208 2455 2456 2515; x_wconf 89' lang='lat' dir='ltr'>quaeritur</span> <span class='ocrx_word' id='word_1_291' title='bbox 2494 2453 2591 2506; x_wconf 90' lang='grc' dir='ltr'>ΒΟ.</span> 
     </span>
     <span class='ocr_line' id='line_1_32' title="bbox 339 2522 2612 2591; baseline 0.002 -19"><span class='ocrx_word' id='word_1_292' title='bbox 339 2524 456 2572; x_wconf 89' lang='lat' dir='ltr'>Inde</span> <span class='ocrx_word' id='word_1_293' title='bbox 496 2525 542 2569; x_wconf 92' lang='lat' dir='ltr'>in</span> <span class='ocrx_word' id='word_1_294' title='bbox 586 2524 712 2570; x_wconf 85' lang='lat' dir='ltr'>GFl)</span> <span class='ocrx_word' id='word_1_295' title='bbox 755 2522 894 2569; x_wconf 89' lang='lat' dir='ltr'>datur</span> <span class='ocrx_word' id='word_1_296' title='bbox 935 2522 1029 2584; x_wconf 89' lang='grc' dir='ltr'>ΟΕ,</span> <span class='ocrx_word' id='word_1_297' title='bbox 1070 2524 1171 2585; x_wconf 91' lang='lat' dir='ltr'>GD,</span> <span class='ocrx_word' id='word_1_298' title='bbox 1214 2540 1271 2573; x_wconf 84' lang='lat' dir='ltr'>ex</span> <span class='ocrx_word' id='word_1_299' title='bbox 1312 2525 1489 2587; x_wconf 85' lang='lat' dir='ltr'>quibus</span> <span class='ocrx_word' id='word_1_300' title='bbox 1529 2525 1578 2572; x_wconf 82' lang='lat' dir='ltr'>iu</span> <span class='ocrx_word' id='word_1_301' title='bbox 1616 2526 1832 2587; x_wconf 88' lang='lat' dir='ltr'>margine</span> <span class='ocrx_word' id='word_1_302' title='bbox 1871 2525 2078 2574; x_wconf 86' lang='lat' dir='ltr'>habetur</span> <span class='ocrx_word' id='word_1_303' title='bbox 2115 2524 2612 2591; x_wconf 82' lang='lat' dir='ltr'>ED,comp1emen-</span> 
     </span>
     <span class='ocr_line' id='line_1_33' title="bbox 337 2595 2618 2656; baseline -0.001 -11"><span class='ocrx_word' id='word_1_304' title='bbox 337 2604 439 2645; x_wconf 91' lang='lat' dir='ltr'>tum</span> <span class='ocrx_word' id='word_1_305' title='bbox 478 2596 539 2644; x_wconf 88' lang='lat' dir='ltr'>ad</span> <span class='ocrx_word' id='word_1_306' title='bbox 582 2597 662 2643; x_wconf 81' lang='lat' dir='ltr'>FE</span> <span class='ocrx_word' id='word_1_307' title='bbox 703 2595 952 2656; x_wconf 88' lang='lat' dir='ltr'>angulum.</span> <span class='ocrx_word' id='word_1_308' title='bbox 2613 2627 2618 2631; x_wconf 92' lang='lat'>-</span> 
     </span>
    </p>

    <p class='ocr_par' dir='ltr' id='par_1_20' title="bbox 342 2664 2614 2802">
     <span class='ocr_line' id='line_1_34' title="bbox 516 2664 2592 2737; baseline 0.004 -21.027"><span class='ocrx_word' id='word_1_309' title='bbox 516 2664 569 2737; x_wconf 75' lang='lat'>7)</span> <span class='ocrx_word' id='word_1_310' title='bbox 611 2669 762 2715; x_wconf 88' lang='lat' dir='ltr'>Detur</span> <span class='ocrx_word' id='word_1_311' title='bbox 802 2668 900 2728; x_wconf 92' lang='grc' dir='ltr'>ΑΟ,</span> <span class='ocrx_word' id='word_1_312' title='bbox 944 2669 1087 2726; x_wconf 86' lang='grc' dir='ltr'>ΟΑΒ,</span> <span class='ocrx_word' id='word_1_313' title='bbox 1131 2671 1378 2732; x_wconf 88' lang='lat' dir='ltr'>quaeritur</span> <span class='ocrx_word' id='word_1_314' title='bbox 1414 2669 1513 2720; x_wconf 89' lang='grc' dir='ltr'>ΒΟ.</span> <span class='ocrx_word' id='word_1_315' title='bbox 1590 2671 1718 2733; x_wconf 89' lang='lat' dir='ltr'>Ergo</span> <span class='ocrx_word' id='word_1_316' title='bbox 1760 2673 1807 2718; x_wconf 93' lang='lat' dir='ltr'>in</span> <span class='ocrx_word' id='word_1_317' title='bbox 1850 2671 1977 2719; x_wconf 89' lang='lat' dir='ltr'>CED</span> <span class='ocrx_word' id='word_1_318' title='bbox 2020 2671 2160 2722; x_wconf 86' lang='lat' dir='ltr'>datur</span> <span class='ocrx_word' id='word_1_319' title='bbox 2201 2673 2295 2734; x_wconf 90' lang='grc' dir='ltr'>ΟΕ,</span> <span class='ocrx_word' id='word_1_320' title='bbox 2337 2674 2441 2736; x_wconf 90' lang='lat' dir='ltr'>ED,</span> <span class='ocrx_word' id='word_1_321' title='bbox 2481 2673 2592 2725; x_wconf 90' lang='lat' dir='ltr'>hinc</span> 
     </span>
     <span class='ocr_line' id='line_1_35' title="bbox 342 2742 2614 2802; baseline -0.001 -12"><span class='ocrx_word' id='word_1_322' title='bbox 342 2745 390 2791; x_wconf 90' lang='lat' dir='ltr'>in</span> <span class='ocrx_word' id='word_1_323' title='bbox 429 2758 542 2791; x_wconf 87' lang='lat' dir='ltr'>area</span> <span class='ocrx_word' id='word_1_324' title='bbox 584 2742 684 2800; x_wconf 87' lang='lat' dir='ltr'>CD,</span> <span class='ocrx_word' id='word_1_325' title='bbox 728 2742 1132 2802; x_wconf 87' lang='lat' dir='ltr'>complementum</span> <span class='ocrx_word' id='word_1_326' title='bbox 1172 2743 1232 2789; x_wconf 91' lang='lat' dir='ltr'>ad</span> <span class='ocrx_word' id='word_1_327' title='bbox 1276 2743 1373 2791; x_wconf 91' lang='grc' dir='ltr'>ΒΟ.</span> <span class='ocrx_word' id='word_1_328' title='bbox 2610 2748 2614 2756; x_wconf 88' lang='grc'><strong>’</strong></span> 
     </span>
    </p>

    <p class='ocr_par' dir='ltr' id='par_1_21' title="bbox 339 2815 2614 2953">
     <span class='ocr_line' id='line_1_36' title="bbox 514 2815 2592 2881; baseline 0.003 -18"><span class='ocrx_word' id='word_1_329' title='bbox 514 2818 568 2876; x_wconf 86' lang='grc'>8)</span> <span class='ocrx_word' id='word_1_330' title='bbox 611 2816 764 2862; x_wconf 90' lang='lat' dir='ltr'>Detur</span> <span class='ocrx_word' id='word_1_331' title='bbox 806 2815 903 2874; x_wconf 89' lang='grc' dir='ltr'>ΑΟ,</span> <span class='ocrx_word' id='word_1_332' title='bbox 949 2815 1092 2873; x_wconf 89' lang='grc' dir='ltr'>ΑΟΒ,</span> <span class='ocrx_word' id='word_1_333' title='bbox 1135 2818 1382 2877; x_wconf 51' lang='lat' dir='ltr'>quwe1itur</span> <span class='ocrx_word' id='word_1_334' title='bbox 1422 2816 1524 2865; x_wconf 86' lang='lat' dir='ltr'>AB.</span> <span class='ocrx_word' id='word_1_335' title='bbox 1601 2816 1729 2879; x_wconf 90' lang='lat' dir='ltr'>Ergo</span> <span class='ocrx_word' id='word_1_336' title='bbox 1769 2819 1817 2864; x_wconf 91' lang='lat' dir='ltr'>in</span> <span class='ocrx_word' id='word_1_337' title='bbox 1859 2817 1977 2866; x_wconf 91' lang='lat' dir='ltr'>AHI</span> <span class='ocrx_word' id='word_1_338' title='bbox 2020 2819 2160 2868; x_wconf 88' lang='lat' dir='ltr'>datur</span> <span class='ocrx_word' id='word_1_339' title='bbox 2200 2819 2309 2881; x_wconf 90' lang='lat' dir='ltr'>AH,</span> <span class='ocrx_word' id='word_1_340' title='bbox 2351 2820 2440 2881; x_wconf 93' lang='lat' dir='ltr'>HI,</span> <span class='ocrx_word' id='word_1_341' title='bbox 2483 2821 2592 2871; x_wconf 85' lang='lat' dir='ltr'>hinc</span> 
     </span>
     <span class='ocr_line' id='line_1_37' title="bbox 339 2888 1674 2951; baseline 0.001 -16"><span class='ocrx_word' id='word_1_342' title='bbox 339 2890 387 2935; x_wconf 91' lang='lat' dir='ltr'>in</span> <span class='ocrx_word' id='word_1_343' title='bbox 427 2903 541 2936; x_wconf 87' lang='lat' dir='ltr'>area</span> <span class='ocrx_word' id='word_1_344' title='bbox 585 2888 667 2946; x_wconf 89' lang='grc' dir='ltr'>ΑΙ,</span> <span class='ocrx_word' id='word_1_345' title='bbox 709 2888 1116 2948; x_wconf 88' lang='lat' dir='ltr'>complementum</span> <span class='ocrx_word' id='word_1_346' title='bbox 1156 2888 1216 2936; x_wconf 91' lang='lat' dir='ltr'>ad</span> <span class='ocrx_word' id='word_1_347' title='bbox 1262 2889 1345 2935; x_wconf 83' lang='lat' dir='ltr'>AB</span> <span class='ocrx_word' id='word_1_348' title='bbox 1387 2890 1674 2951; x_wconf 86' lang='lat' dir='ltr'>quaesitum.</span> 
     </span>
    </p>

    <p class='ocr_par' dir='ltr' id='par_1_22' title="bbox 336 2961 2652 3171">
     <span class='ocr_line' id='line_1_38' title="bbox 512 2961 2652 3029; baseline 0.004 -19"><span class='ocrx_word' id='word_1_349' title='bbox 512 2964 566 3020; x_wconf 90' lang='lat'>9)</span> <span class='ocrx_word' id='word_1_350' title='bbox 608 2961 761 3009; x_wconf 88' lang='lat' dir='ltr'>Detur</span> <span class='ocrx_word' id='word_1_351' title='bbox 802 2961 913 3022; x_wconf 90' lang='lat' dir='ltr'>AG,</span> <span class='ocrx_word' id='word_1_352' title='bbox 955 2962 1110 3018; x_wconf 85' lang='lat' dir='ltr'>GAB,</span> <span class='ocrx_word' id='word_1_353' title='bbox 1163 2964 1409 3024; x_wconf 90' lang='lat' dir='ltr'>quaeritur</span> <span class='ocrx_word' id='word_1_354' title='bbox 1452 2963 1552 3013; x_wconf 89' lang='grc' dir='ltr'>ΑΒ.</span> <span class='ocrx_word' id='word_1_355' title='bbox 1629 2962 1844 3010; x_wconf 88' lang='lat' dir='ltr'>Primum</span> <span class='ocrx_word' id='word_1_356' title='bbox 1884 2965 1930 3009; x_wconf 93' lang='lat' dir='ltr'>in</span> <span class='ocrx_word' id='word_1_357' title='bbox 1973 2963 2101 3012; x_wconf 84' lang='grc' dir='ltr'>ΟΕΙ)</span> <span class='ocrx_word' id='word_1_358' title='bbox 2154 2965 2296 3014; x_wconf 90' lang='lat' dir='ltr'>datur</span> <span class='ocrx_word' id='word_1_359' title='bbox 2334 2966 2452 3028; x_wconf 80' lang='lat' dir='ltr'>DE,</span> <span class='ocrx_word' id='word_1_360' title='bbox 2493 2962 2652 3029; x_wconf 59' lang='lat' dir='ltr'>EG,„-⁴·</span> 
     </span>
     <span class='ocr_line' id='line_1_39' title="bbox 338 3031 2612 3101; baseline 0.004 -19"><span class='ocrx_word' id='word_1_361' title='bbox 338 3048 451 3095; x_wconf 90' lang='lat' dir='ltr'>ergo</span> <span class='ocrx_word' id='word_1_362' title='bbox 493 3036 538 3081; x_wconf 89' lang='lat' dir='ltr'>in</span> <span class='ocrx_word' id='word_1_363' title='bbox 580 3049 691 3082; x_wconf 88' lang='lat' dir='ltr'>area</span> <span class='ocrx_word' id='word_1_364' title='bbox 732 3035 832 3094; x_wconf 89' lang='lat' dir='ltr'>GD,</span> <span class='ocrx_word' id='word_1_365' title='bbox 875 3035 1282 3098; x_wconf 87' lang='lat' dir='ltr'>complementum</span> <span class='ocrx_word' id='word_1_366' title='bbox 1322 3034 1382 3082; x_wconf 92' lang='lat' dir='ltr'>ad</span> <span class='ocrx_word' id='word_1_367' title='bbox 1422 3035 1519 3085; x_wconf 89' lang='grc' dir='ltr'>ΒΟ.</span> <span class='ocrx_word' id='word_1_368' title='bbox 1585 3034 1699 3084; x_wconf 85' lang='lat' dir='ltr'>Jam</span> <span class='ocrx_word' id='word_1_369' title='bbox 1740 3038 1786 3084; x_wconf 91' lang='lat' dir='ltr'>in</span> <span class='ocrx_word' id='word_1_370' title='bbox 1831 3036 1959 3085; x_wconf 85' lang='lat' dir='ltr'>ABG</span> <span class='ocrx_word' id='word_1_371' title='bbox 2000 3053 2057 3085; x_wconf 91' lang='lat' dir='ltr'>ex</span> <span class='ocrx_word' id='word_1_372' title='bbox 2085 3039 2183 3101; x_wconf 90' lang='lat' dir='ltr'>BG,</span> <span class='ocrx_word' id='word_1_373' title='bbox 2227 3039 2311 3088; x_wconf 90' lang='lat' dir='ltr'>GA</span> <span class='ocrx_word' id='word_1_374' title='bbox 2352 3031 2612 3090; x_wconf 56' lang='lat' dir='ltr'>invenitutf</span> 
     </span>
     <span class='ocr_line' id='line_1_40' title="bbox 336 3108 787 3170; baseline 0.001 -16"><span class='ocrx_word' id='word_1_375' title='bbox 336 3109 385 3154; x_wconf 90' lang='lat' dir='ltr'>in</span> <span class='ocrx_word' id='word_1_376' title='bbox 426 3110 641 3170; x_wconf 87' lang='lat' dir='ltr'>margine</span> <span class='ocrx_word' id='word_1_377' title='bbox 685 3108 2613 3157; x_wconf 88' lang='lat' dir='ltr'>AB.</span> 
     </span>
    </p>

    <p class='ocr_par' dir='ltr' id='par_1_23' title="bbox 337 3175 2602 3387">
     <span class='ocr_line' id='line_1_41' title="bbox 514 3175 2600 3250; baseline 0.003 -22"><span class='ocrx_word' id='word_1_378' title='bbox 514 3175 602 3250; x_wconf 87' lang='lat'>10)</span> <span class='ocrx_word' id='word_1_379' title='bbox 643 3182 795 3229; x_wconf 88' lang='lat' dir='ltr'>Detur</span> <span class='ocrx_word' id='word_1_380' title='bbox 837 3181 934 3240; x_wconf 91' lang='lat' dir='ltr'>AG,</span> <span class='ocrx_word' id='word_1_381' title='bbox 979 3181 1129 3241; x_wconf 87' lang='grc' dir='ltr'>ΑΟΒ,</span> <span class='ocrx_word' id='word_1_382' title='bbox 1183 3182 1431 3244; x_wconf 89' lang='lat' dir='ltr'>quaeritur</span> <span class='ocrx_word' id='word_1_383' title='bbox 1470 3181 1566 3230; x_wconf 92' lang='grc' dir='ltr'>ΒΟ.</span> <span class='ocrx_word' id='word_1_384' title='bbox 1645 3182 1859 3230; x_wconf 91' lang='lat' dir='ltr'>Primum</span> <span class='ocrx_word' id='word_1_385' title='bbox 1915 3184 1960 3229; x_wconf 91' lang='lat' dir='ltr'>in</span> <span class='ocrx_word' id='word_1_386' title='bbox 2004 3184 2123 3232; x_wconf 90' lang='grc' dir='ltr'>ΑΗΙ</span> <span class='ocrx_word' id='word_1_387' title='bbox 2169 3184 2310 3234; x_wconf 88' lang='lat' dir='ltr'>datur</span> <span class='ocrx_word' id='word_1_388' title='bbox 2347 3185 2436 3242; x_wconf 88' lang='lat' dir='ltr'>IH‚</span> <span class='ocrx_word' id='word_1_389' title='bbox 2477 3184 2600 3248; x_wconf 60' lang='lat' dir='ltr'>HA,</span> 
     </span>
     <span class='ocr_line' id='line_1_42' title="bbox 337 3254 2591 3323; baseline 0.005 -23"><span class='ocrx_word' id='word_1_390' title='bbox 337 3269 513 3315; x_wconf 75' lang='lat' dir='ltr'>quiere</span> <span class='ocrx_word' id='word_1_391' title='bbox 551 3256 598 3300; x_wconf 89' lang='lat' dir='ltr'>iu</span> <span class='ocrx_word' id='word_1_392' title='bbox 641 3269 754 3302; x_wconf 80' lang='lat' dir='ltr'>area</span> <span class='ocrx_word' id='word_1_393' title='bbox 794 3255 878 3313; x_wconf 88' lang='lat' dir='ltr'>AI,</span> <span class='ocrx_word' id='word_1_394' title='bbox 921 3255 1326 3317; x_wconf 89' lang='lat' dir='ltr'>complementum</span> <span class='ocrx_word' id='word_1_395' title='bbox 1366 3254 1427 3303; x_wconf 89' lang='lat' dir='ltr'>ad</span> <span class='ocrx_word' id='word_1_396' title='bbox 1470 3255 1571 3303; x_wconf 89' lang='lat' dir='ltr'>AB.</span> <span class='ocrx_word' id='word_1_397' title='bbox 1636 3255 1759 3303; x_wconf 89' lang='lat' dir='ltr'>Tum</span> <span class='ocrx_word' id='word_1_398' title='bbox 1800 3258 1846 3303; x_wconf 90' lang='lat' dir='ltr'>in</span> <span class='ocrx_word' id='word_1_399' title='bbox 1874 3257 2002 3306; x_wconf 85' lang='lat' dir='ltr'>ABG</span> <span class='ocrx_word' id='word_1_400' title='bbox 2041 3273 2126 3321; x_wconf 91' lang='lat' dir='ltr'>per</span> <span class='ocrx_word' id='word_1_401' title='bbox 2164 3258 2267 3321; x_wconf 92' lang='lat' dir='ltr'>BA,</span> <span class='ocrx_word' id='word_1_402' title='bbox 2298 3259 2383 3308; x_wconf 92' lang='lat' dir='ltr'>AG</span> <span class='ocrx_word' id='word_1_403' title='bbox 2411 3271 2591 3323; x_wconf 76' lang='lat' dir='ltr'>quaero</span> 
     </span>
     <span class='ocr_line' id='line_1_43' title="bbox 339 3327 2602 3387; baseline -0 -13"><span class='ocrx_word' id='word_1_404' title='bbox 339 3327 422 3375; x_wconf 88' lang='grc' dir='ltr'>ΒΟ</span> <span class='ocrx_word' id='word_1_405' title='bbox 464 3330 510 3374; x_wconf 89' lang='lat' dir='ltr'>in</span> <span class='ocrx_word' id='word_1_406' title='bbox 551 3331 783 3387; x_wconf 79' lang='lat' dir='ltr'>margine.</span> <span class='ocrx_word' id='word_1_407' title='bbox 2599 3332 2602 3339; x_wconf 61' lang='lat'><strong>⁴</strong></span> 
     </span>
    </p>

    <p class='ocr_par' dir='ltr' id='par_1_24' title="bbox 333 3400 2616 3536">
     <span class='ocr_line' id='line_1_44' title="bbox 509 3400 2616 3468; baseline 0.003 -20"><span class='ocrx_word' id='word_1_408' title='bbox 509 3401 595 3463; x_wconf 88' lang='lat'>11)</span> <span class='ocrx_word' id='word_1_409' title='bbox 639 3402 790 3449; x_wconf 90' lang='lat' dir='ltr'>Detur</span> <span class='ocrx_word' id='word_1_410' title='bbox 818 3400 914 3458; x_wconf 89' lang='grc' dir='ltr'>ΒΟ,</span> <span class='ocrx_word' id='word_1_411' title='bbox 946 3401 1095 3461; x_wconf 88' lang='lat' dir='ltr'>BA,C</span> <span class='ocrx_word' id='word_1_412' title='bbox 1138 3409 1397 3464; x_wconf 87' lang='lat' dir='ltr'>quaeratur</span> <span class='ocrx_word' id='word_1_413' title='bbox 1438 3400 1534 3450; x_wconf 93' lang='lat' dir='ltr'>AG.</span> <span class='ocrx_word' id='word_1_414' title='bbox 1612 3401 1737 3464; x_wconf 87' lang='lat' dir='ltr'>Ergo</span> <span class='ocrx_word' id='word_1_415' title='bbox 1767 3404 1812 3449; x_wconf 91' lang='lat' dir='ltr'>in</span> <span class='ocrx_word' id='word_1_416' title='bbox 1841 3402 1969 3451; x_wconf 88' lang='lat' dir='ltr'>GED</span> <span class='ocrx_word' id='word_1_417' title='bbox 2010 3417 2069 3452; x_wconf 85' lang='lat' dir='ltr'>ex</span> <span class='ocrx_word' id='word_1_418' title='bbox 2093 3403 2196 3468; x_wconf 93' lang='lat' dir='ltr'>GD,</span> <span class='ocrx_word' id='word_1_419' title='bbox 2237 3405 2326 3454; x_wconf 80' lang='lat' dir='ltr'>DE</span> <span class='ocrx_word' id='word_1_420' title='bbox 2366 3407 2414 3454; x_wconf 88' lang='lat' dir='ltr'>in</span> <span class='ocrx_word' id='word_1_421' title='bbox 2461 3411 2616 3455; x_wconf 80' lang='lat' dir='ltr'>mar-&#39;</span> 
     </span>
     <span class='ocr_line' id='line_1_45' title="bbox 333 3472 1454 3536; baseline 0.003 -17"><span class='ocrx_word' id='word_1_422' title='bbox 333 3474 444 3535; x_wconf 86' lang='lat' dir='ltr'>gine</span> <span class='ocrx_word' id='word_1_423' title='bbox 485 3472 627 3520; x_wconf 76' lang='lat' dir='ltr'>ditur</span> <span class='ocrx_word' id='word_1_424' title='bbox 668 3474 761 3533; x_wconf 87' lang='grc' dir='ltr'>ΟΕ,</span> <span class='ocrx_word' id='word_1_425' title='bbox 804 3475 1209 3536; x_wconf 87' lang='lat' dir='ltr'>complementum</span> <span class='ocrx_word' id='word_1_426' title='bbox 1250 3475 1311 3523; x_wconf 93' lang='lat' dir='ltr'>ad</span> <span class='ocrx_word' id='word_1_427' title='bbox 1353 3475 1454 3523; x_wconf 89' lang='grc' dir='ltr'>ΟΑ.</span> 
     </span>
    </p>

    <p class='ocr_par' dir='ltr' id='par_1_25' title="bbox 316 3545 2582 3683">
     <span class='ocr_line' id='line_1_46' title="bbox 316 3545 2582 3649; baseline 0.004 -56"><span class='ocrx_word' id='word_1_428' title='bbox 316 3596 324 3602; x_wconf 62' lang='grc'>,</span> <span class='ocrx_word' id='word_1_429' title='bbox 513 3547 596 3609; x_wconf 79' lang='lat'>12)</span> <span class='ocrx_word' id='word_1_430' title='bbox 642 3547 792 3594; x_wconf 85' lang='lat' dir='ltr'>Detur</span> <span class='ocrx_word' id='word_1_431' title='bbox 834 3548 932 3606; x_wconf 81' lang='lat' dir='ltr'>BA,</span> <span class='ocrx_word' id='word_1_432' title='bbox 976 3548 1118 3605; x_wconf 84' lang='grc' dir='ltr'>ΒΟΑ,</span> <span class='ocrx_word' id='word_1_433' title='bbox 1161 3555 1420 3611; x_wconf 82' lang='lat' dir='ltr'>quaeratur</span> <span class='ocrx_word' id='word_1_434' title='bbox 1462 3545 1559 3596; x_wconf 89' lang='lat' dir='ltr'>AG.</span> <span class='ocrx_word' id='word_1_435' title='bbox 1636 3548 1764 3611; x_wconf 89' lang='lat' dir='ltr'>Ergo</span> <span class='ocrx_word' id='word_1_436' title='bbox 1803 3550 1849 3596; x_wconf 91' lang='lat' dir='ltr'>in</span> <span class='ocrx_word' id='word_1_437' title='bbox 1892 3548 2014 3597; x_wconf 90' lang='grc' dir='ltr'>ΑΗΙ</span> <span class='ocrx_word' id='word_1_438' title='bbox 2052 3563 2110 3599; x_wconf 89' lang='lat' dir='ltr'>ex</span> <span class='ocrx_word' id='word_1_439' title='bbox 2153 3551 2249 3649; x_wconf 81' lang='lat' dir='ltr'>AI,</span> <span class='ocrx_word' id='word_1_440' title='bbox 2291 3550 2367 3600; x_wconf 94' lang='lat' dir='ltr'>IH</span> <span class='ocrx_word' id='word_1_441' title='bbox 2405 3564 2582 3616; x_wconf 76' lang='lat' dir='ltr'>quaere</span> 
     </span>
     <span class='ocr_line' id='line_1_47' title="bbox 340 3618 1480 3683; baseline 0.004 -19"><span class='ocrx_word' id='word_1_442' title='bbox 340 3618 386 3664; x_wconf 92' lang='lat' dir='ltr'>in</span> <span class='ocrx_word' id='word_1_443' title='bbox 427 3622 643 3679; x_wconf 79' lang='lat' dir='ltr'>margine</span> <span class='ocrx_word' id='word_1_444' title='bbox 682 3619 792 3679; x_wconf 89' lang='lat' dir='ltr'>HA,</span> <span class='ocrx_word' id='word_1_445' title='bbox 834 3621 1236 3683; x_wconf 88' lang='lat' dir='ltr'>complementum</span> <span class='ocrx_word' id='word_1_446' title='bbox 1278 3621 1340 3669; x_wconf 90' lang='lat' dir='ltr'>ad</span> <span class='ocrx_word' id='word_1_447' title='bbox 1381 3621 1480 3669; x_wconf 87' lang='lat' dir='ltr'>CA.</span> 
     </span>
    </p>

    <p class='ocr_par' dir='ltr' id='par_1_26' title="bbox 510 3693 1263 3755">
     <span class='ocr_line' id='line_1_48' title="bbox 510 3693 1263 3755; baseline 0.003 -15"><span class='ocrx_word' id='word_1_448' title='bbox 510 3693 663 3741; x_wconf 90' lang='lat' dir='ltr'>Detur</span> <span class='ocrx_word' id='word_1_449' title='bbox 704 3694 800 3753; x_wconf 90' lang='grc' dir='ltr'>ΒΟ,</span> <span class='ocrx_word' id='word_1_450' title='bbox 841 3694 970 3742; x_wconf 90' lang='grc' dir='ltr'>ΒΑΟ</span> <span class='ocrx_word' id='word_1_451' title='bbox 1010 3698 1095 3754; x_wconf 76' lang='lat' dir='ltr'>(nil</span> <span class='ocrx_word' id='word_1_452' title='bbox 1128 3699 1263 3755; x_wconf 84' lang='lat' dir='ltr'>seq..)</span> 
     </span>
    </p>
   </div>
   <div class='ocr_carea' id='block_1_3' title="bbox 1293 3864 1632 3878">
    <p class='ocr_par' dir='ltr' id='par_1_27' title="bbox 1293 3864 1632 3878">
     <span class='ocr_line' id='line_1_49' title="bbox 1293 3864 1632 3878; baseline 0 0"><span class='ocrx_word' id='word_1_453' title='bbox 1293 3864 1632 3878; x_wconf 60' lang='lat' dir='ltr'>———&#39;--a--—-——-—d</span> 
     </span>
    </p>
   </div>
  </div>
 </body>
</html>
