<?xml version="1.0" encoding="UTF-8"?>
<!DOCTYPE html PUBLIC "-//W3C//DTD XHTML 1.0 Transitional//EN"
    "http://www.w3.org/TR/xhtml1/DTD/xhtml1-transitional.dtd">
<html xmlns="http://www.w3.org/1999/xhtml" xml:lang="en" lang="en">
 <head>
  <title>
</title>
<meta http-equiv="Content-Type" content="text/html;charset=utf-8" />
  <meta name='ocr-system' content='tesseract 3.04.00' />
  <meta name='ocr-capabilities' content='ocr_page ocr_carea ocr_par ocr_line ocrx_word'/>
</head>
<body>
  <div class='ocr_page' id='page_1' title='image "./operaomniaedidit81kepluoft_0145.png"; bbox 0 0 2652 4088; ppageno 0'>
   <div class='ocr_carea' id='block_1_1' title="bbox 0 0 102 360">
    <p class='ocr_par' dir='ltr' id='par_1_1' title="bbox 0 0 102 360">
     <span class='ocr_line' id='line_1_1' title="bbox 0 0 45 360; textangle 90"><span class='ocrx_word' id='word_1_1' title='bbox 0 345 25 360; x_wconf 66' lang='grc' dir='ltr'><em>τ</em></span> <span class='ocrx_word' id='word_1_2' title='bbox 0 209 36 328; x_wconf 53' lang='grc'><strong>’·-.···.,;“-</strong></span> <span class='ocrx_word' id='word_1_3' title='bbox 0 0 45 199; x_wconf 54' lang='lat' dir='ltr'><strong>mmm</strong></span> 
     </span>
     <span class='ocr_line' id='line_1_2' title="bbox 77 50 102 132; textangle 90"><span class='ocrx_word' id='word_1_4' title='bbox 99 130 102 132; x_wconf 14' lang='grc' dir='ltr'><em>Α</em></span> <span class='ocrx_word' id='word_1_5' title='bbox 77 50 100 56; x_wconf 79' lang='grc' dir='ltr'>ι</span> 
     </span>
    </p>
   </div>
   <div class='ocr_carea' id='block_1_2' title="bbox 0 717 87 4088">
    <p class='ocr_par' dir='ltr' id='par_1_2' title="bbox 0 717 87 4088">
     <span class='ocr_line' id='line_1_3' title="bbox 0 717 87 4088; baseline 0 0"><span class='ocrx_word' id='word_1_6' title='bbox 0 717 87 4088; x_wconf 95' lang='lat' dir='ltr'><strong> </strong></span> 
     </span>
    </p>
   </div>
   <div class='ocr_carea' id='block_1_3' title="bbox 959 150 1441 202">
    <p class='ocr_par' dir='ltr' id='par_1_3' title="bbox 959 150 1441 202">
     <span class='ocr_line' id='line_1_4' title="bbox 959 150 1441 202; baseline 0.006 -3"><span class='ocrx_word' id='word_1_7' title='bbox 959 152 1167 201; x_wconf 79' lang='lat' dir='ltr'><strong>Carmina</strong></span> <span class='ocrx_word' id='word_1_8' title='bbox 1196 150 1441 202; x_wconf 80' lang='lat' dir='ltr'><strong>Solemnia.</strong></span> 
     </span>
    </p>
   </div>
   <div class='ocr_carea' id='block_1_4' title="bbox 419 290 1941 3953">
    <p class='ocr_par' dir='ltr' id='par_1_4' title="bbox 423 290 1686 440">
     <span class='ocr_line' id='line_1_5' title="bbox 423 290 1658 364; baseline -0.003 -9"><span class='ocrx_word' id='word_1_9' title='bbox 423 305 550 355; x_wconf 84' lang='lat' dir='ltr'><strong>Nam</strong></span> <span class='ocrx_word' id='word_1_10' title='bbox 586 303 678 352; x_wconf 92' lang='lat' dir='ltr'><strong>tibi</strong></span> <span class='ocrx_word' id='word_1_11' title='bbox 713 290 930 352; x_wconf 79' lang='lat' dir='ltr'><strong>laetitiae</strong></span> <span class='ocrx_word' id='word_1_12' title='bbox 969 300 1147 350; x_wconf 85' lang='lat' dir='ltr'>subdet</span> <span class='ocrx_word' id='word_1_13' title='bbox 1182 301 1399 353; x_wconf 87' lang='lat' dir='ltr'><strong>fomenta</strong></span> <span class='ocrx_word' id='word_1_14' title='bbox 1433 303 1658 364; x_wconf 86' lang='lat' dir='ltr'><strong>recentis,</strong></span> 
     </span>
     <span class='ocr_line' id='line_1_6' title="bbox 569 373 1686 440; baseline -0.001 -15"><span class='ocrx_word' id='word_1_15' title='bbox 569 377 645 439; x_wconf 88' lang='lat' dir='ltr'><strong>Et,</strong></span> <span class='ocrx_word' id='word_1_16' title='bbox 685 391 832 440; x_wconf 89' lang='lat' dir='ltr'><strong>quam</strong></span> <span class='ocrx_word' id='word_1_17' title='bbox 868 376 935 423; x_wconf 89' lang='lat' dir='ltr'><strong>sis</strong></span> <span class='ocrx_word' id='word_1_18' title='bbox 973 373 1104 437; x_wconf 87' lang='lat' dir='ltr'><strong>felix,</strong></span> <span class='ocrx_word' id='word_1_19' title='bbox 1145 377 1325 425; x_wconf 87' lang='lat' dir='ltr'><strong>nuncia</strong></span> <span class='ocrx_word' id='word_1_20' title='bbox 1363 377 1515 426; x_wconf 88' lang='lat' dir='ltr'><strong>verba</strong></span> <span class='ocrx_word' id='word_1_21' title='bbox 1551 376 1686 425; x_wconf 86' lang='lat' dir='ltr'><strong>feret.</strong></span> 
     </span>
    </p>

    <p class='ocr_par' dir='ltr' id='par_1_5' title="bbox 424 447 1880 586">
     <span class='ocr_line' id='line_1_7' title="bbox 424 447 1831 514; baseline -0.003 -16"><span class='ocrx_word' id='word_1_22' title='bbox 424 450 537 514; x_wconf 92' lang='lat' dir='ltr'><strong>Ipse</strong></span> <span class='ocrx_word' id='word_1_23' title='bbox 576 464 684 511; x_wconf 89' lang='lat' dir='ltr'><strong>ego,</strong></span> <span class='ocrx_word' id='word_1_24' title='bbox 725 449 839 498; x_wconf 90' lang='lat' dir='ltr'><strong>dum</strong></span> <span class='ocrx_word' id='word_1_25' title='bbox 875 461 963 511; x_wconf 91' lang='lat' dir='ltr'><strong>pro</strong></span> <span class='ocrx_word' id='word_1_26' title='bbox 1002 461 1080 495; x_wconf 91' lang='lat' dir='ltr'><strong>me</strong></span> <span class='ocrx_word' id='word_1_27' title='bbox 1120 451 1366 510; x_wconf 88' lang='lat' dir='ltr'><strong>gratantia</strong></span> <span class='ocrx_word' id='word_1_28' title='bbox 1403 451 1618 499; x_wconf 87' lang='lat' dir='ltr'><strong>carmina</strong></span> <span class='ocrx_word' id='word_1_29' title='bbox 1655 447 1831 507; x_wconf 89' lang='lat' dir='ltr'><strong>scribo,</strong></span> 
     </span>
     <span class='ocr_line' id='line_1_8' title="bbox 570 518 1880 586; baseline -0.003 -15"><span class='ocrx_word' id='word_1_30' title='bbox 570 522 729 585; x_wconf 84' lang='lat' dir='ltr'><strong>Quam</strong></span> <span class='ocrx_word' id='word_1_31' title='bbox 767 521 951 582; x_wconf 90' lang='lat' dir='ltr'><strong>videor,</strong></span> <span class='ocrx_word' id='word_1_32' title='bbox 992 519 1125 583; x_wconf 89' lang='lat' dir='ltr'><strong>quod</strong></span> <span class='ocrx_word' id='word_1_33' title='bbox 1163 536 1263 571; x_wconf 92' lang='lat' dir='ltr'><strong>non</strong></span> <span class='ocrx_word' id='word_1_34' title='bbox 1299 522 1519 586; x_wconf 85' lang='lat' dir='ltr'><strong>gratulor</strong></span> <span class='ocrx_word' id='word_1_35' title='bbox 1558 536 1654 583; x_wconf 90' lang='lat' dir='ltr'><strong>ore,</strong></span> <span class='ocrx_word' id='word_1_36' title='bbox 1694 518 1880 569; x_wconf 77' lang='lat' dir='ltr'><strong>miser?</strong></span> 
     </span>
    </p>

    <p class='ocr_par' dir='ltr' id='par_1_6' title="bbox 424 593 1778 733">
     <span class='ocr_line' id='line_1_9' title="bbox 424 593 1778 660; baseline -0.002 -16"><span class='ocrx_word' id='word_1_37' title='bbox 424 597 552 660; x_wconf 90' lang='lat' dir='ltr'><strong>Ergo</strong></span> <span class='ocrx_word' id='word_1_38' title='bbox 590 596 725 644; x_wconf 89' lang='lat' dir='ltr'><strong>leves</strong></span> <span class='ocrx_word' id='word_1_39' title='bbox 763 595 930 658; x_wconf 82' lang='lat' dir='ltr'>elegos</span> <span class='ocrx_word' id='word_1_40' title='bbox 966 594 1181 657; x_wconf 87' lang='lat' dir='ltr'><strong>spatium</strong></span> <span class='ocrx_word' id='word_1_41' title='bbox 1219 596 1369 646; x_wconf 85' lang='lat' dir='ltr'><strong>breve</strong></span> <span class='ocrx_word' id='word_1_42' title='bbox 1406 610 1544 645; x_wconf 90' lang='lat' dir='ltr'><strong>sume</strong></span> <span class='ocrx_word' id='word_1_43' title='bbox 1582 593 1778 658; x_wconf 88' lang='lat' dir='ltr'><strong>legendi</strong></span> 
     </span>
     <span class='ocr_line' id='line_1_10' title="bbox 566 666 1681 733; baseline 0 -16"><span class='ocrx_word' id='word_1_44' title='bbox 566 669 878 732; x_wconf 89' lang='lat' dir='ltr'><strong>Hospitiique</strong></span> <span class='ocrx_word' id='word_1_45' title='bbox 916 666 1015 715; x_wconf 89' lang='lat' dir='ltr'><strong>illis</strong></span> <span class='ocrx_word' id='word_1_46' title='bbox 1053 667 1230 730; x_wconf 89' lang='lat' dir='ltr'><strong>pande,</strong></span> <span class='ocrx_word' id='word_1_47' title='bbox 1270 669 1499 733; x_wconf 84' lang='lat' dir='ltr'><strong>benigna,</strong></span> <span class='ocrx_word' id='word_1_48' title='bbox 1538 669 1681 717; x_wconf 84' lang='lat' dir='ltr'><strong>fores.</strong></span> 
     </span>
    </p>

    <p class='ocr_par' dir='ltr' id='par_1_7' title="bbox 421 741 1748 876">
     <span class='ocr_line' id='line_1_11' title="bbox 421 741 1748 802; baseline -0.001 -11"><span class='ocrx_word' id='word_1_49' title='bbox 421 741 504 791; x_wconf 91' lang='lat' dir='ltr'><strong>Sic</strong></span> <span class='ocrx_word' id='word_1_50' title='bbox 542 743 646 802; x_wconf 91' lang='lat' dir='ltr'><strong>tibi,</strong></span> <span class='ocrx_word' id='word_1_51' title='bbox 686 757 796 791; x_wconf 93' lang='lat' dir='ltr'><strong>cum</strong></span> <span class='ocrx_word' id='word_1_52' title='bbox 836 741 1076 791; x_wconf 90' lang='lat' dir='ltr'><strong>decimum</strong></span> <span class='ocrx_word' id='word_1_53' title='bbox 1117 743 1304 790; x_wconf 88' lang='lat' dir='ltr'><strong>vicinas</strong></span> <span class='ocrx_word' id='word_1_54' title='bbox 1341 742 1515 792; x_wconf 88' lang='lat' dir='ltr'><strong>viderit</strong></span> <span class='ocrx_word' id='word_1_55' title='bbox 1552 742 1748 791; x_wconf 89' lang='lat' dir='ltr'><strong>umbras</strong></span> 
     </span>
     <span class='ocr_line' id='line_1_12' title="bbox 569 813 1744 876; baseline 0 -13"><span class='ocrx_word' id='word_1_56' title='bbox 569 815 726 876; x_wconf 87' lang='lat' dir='ltr'><strong>Luna,</strong></span> <span class='ocrx_word' id='word_1_57' title='bbox 768 815 904 864; x_wconf 93' lang='lat' dir='ltr'><strong>Deus</strong></span> <span class='ocrx_word' id='word_1_58' title='bbox 941 815 1128 863; x_wconf 83' lang='lat' dir='ltr'><strong>ventris</strong></span> <span class='ocrx_word' id='word_1_59' title='bbox 1167 813 1310 864; x_wconf 81' lang='lat' dir='ltr'>dulce</span> <span class='ocrx_word' id='word_1_60' title='bbox 1348 815 1567 865; x_wconf 89' lang='lat' dir='ltr'><strong>resolvat</strong></span> <span class='ocrx_word' id='word_1_61' title='bbox 1606 829 1744 864; x_wconf 92' lang='lat' dir='ltr'><strong>onus.</strong></span> 
     </span>
    </p>

    <p class='ocr_par' dir='ltr' id='par_1_8' title="bbox 424 885 1635 1024">
     <span class='ocr_line' id='line_1_13' title="bbox 424 885 1556 951; baseline -0.001 -15"><span class='ocrx_word' id='word_1_62' title='bbox 424 885 491 936; x_wconf 92' lang='lat' dir='ltr'><strong>Ut</strong></span> <span class='ocrx_word' id='word_1_63' title='bbox 528 894 575 936; x_wconf 92' lang='lat' dir='ltr'><strong>te</strong></span> <span class='ocrx_word' id='word_1_64' title='bbox 615 887 860 937; x_wconf 85' lang='lat' dir='ltr'><strong>difficilem</strong></span> <span class='ocrx_word' id='word_1_65' title='bbox 898 889 1083 951; x_wconf 89' lang='lat' dir='ltr'><strong>possim</strong></span> <span class='ocrx_word' id='word_1_66' title='bbox 1122 902 1317 951; x_wconf 91' lang='lat' dir='ltr'><strong>sperare</strong></span> <span class='ocrx_word' id='word_1_67' title='bbox 1355 889 1556 951; x_wconf 90' lang='lat' dir='ltr'><strong>petenti,</strong></span> 
     </span>
     <span class='ocr_line' id='line_1_14' title="bbox 568 960 1635 1024; baseline -0.001 -15"><span class='ocrx_word' id='word_1_68' title='bbox 568 960 678 1009; x_wconf 91' lang='lat' dir='ltr'><strong>Non</strong></span> <span class='ocrx_word' id='word_1_69' title='bbox 717 964 901 1024; x_wconf 89' lang='lat' dir='ltr'><strong>patitur</strong></span> <span class='ocrx_word' id='word_1_70' title='bbox 938 960 1027 1009; x_wconf 88' lang='lat' dir='ltr'><strong>tali</strong></span> <span class='ocrx_word' id='word_1_71' title='bbox 1065 975 1203 1010; x_wconf 88' lang='lat' dir='ltr'><strong>mens</strong></span> <span class='ocrx_word' id='word_1_72' title='bbox 1243 960 1472 1010; x_wconf 87' lang='lat' dir='ltr'><strong>adamata</strong></span> <span class='ocrx_word' id='word_1_73' title='bbox 1512 963 1635 1020; x_wconf 87' lang='lat' dir='ltr'><strong>viro,</strong></span> 
     </span>
    </p>

    <p class='ocr_par' dir='ltr' id='par_1_9' title="bbox 423 1032 1823 1170">
     <span class='ocr_line' id='line_1_15' title="bbox 423 1032 1823 1101; baseline 0 -20"><span class='ocrx_word' id='word_1_74' title='bbox 423 1032 568 1083; x_wconf 91' lang='lat' dir='ltr'><strong>Mens</strong></span> <span class='ocrx_word' id='word_1_75' title='bbox 606 1040 692 1082; x_wconf 91' lang='lat' dir='ltr'><strong>tua</strong></span> <span class='ocrx_word' id='word_1_76' title='bbox 732 1049 859 1097; x_wconf 88' lang='lat' dir='ltr'><strong>quae</strong></span> <span class='ocrx_word' id='word_1_77' title='bbox 899 1033 989 1082; x_wconf 89' lang='lat' dir='ltr'><strong>tali</strong></span> <span class='ocrx_word' id='word_1_78' title='bbox 1026 1035 1186 1097; x_wconf 92' lang='lat' dir='ltr'><strong>potuit</strong></span> <span class='ocrx_word' id='word_1_79' title='bbox 1224 1033 1469 1097; x_wconf 82' lang='lat' dir='ltr'><strong>placuisse</strong></span> <span class='ocrx_word' id='word_1_80' title='bbox 1508 1036 1696 1094; x_wconf 90' lang='lat' dir='ltr'><strong>marit0,</strong></span> <span class='ocrx_word' id='word_1_81' title='bbox 1821 1097 1823 1101; x_wconf 86' lang='lat'>.</span> 
     </span>
     <span class='ocr_line' id='line_1_16' title="bbox 569 1106 1784 1170; baseline -0.001 -15"><span class='ocrx_word' id='word_1_82' title='bbox 569 1106 661 1155; x_wconf 86' lang='lat' dir='ltr'><strong>Cui</strong></span> <span class='ocrx_word' id='word_1_83' title='bbox 698 1122 887 1156; x_wconf 90' lang='lat' dir='ltr'><strong>morum</strong></span> <span class='ocrx_word' id='word_1_84' title='bbox 926 1109 1165 1169; x_wconf 84' lang='lat' dir='ltr'><strong>asperitas</strong></span> <span class='ocrx_word' id='word_1_85' title='bbox 1203 1106 1340 1156; x_wconf 90' lang='lat' dir='ltr'><strong>nulla</strong></span> <span class='ocrx_word' id='word_1_86' title='bbox 1377 1108 1570 1170; x_wconf 89' lang='lat' dir='ltr'><strong>placere</strong></span> <span class='ocrx_word' id='word_1_87' title='bbox 1607 1112 1784 1170; x_wconf 89' lang='lat' dir='ltr'><strong>potest.</strong></span> 
     </span>
    </p>

    <p class='ocr_par' dir='ltr' id='par_1_10' title="bbox 424 1177 1861 1243">
     <span class='ocr_line' id='line_1_17' title="bbox 424 1177 1861 1243; baseline 0 -16"><span class='ocrx_word' id='word_1_88' title='bbox 424 1179 501 1228; x_wconf 84' lang='lat' dir='ltr'><strong>Tu</strong></span> <span class='ocrx_word' id='word_1_89' title='bbox 539 1180 700 1241; x_wconf 90' lang='lat' dir='ltr'><strong>modo,</strong></span> <span class='ocrx_word' id='word_1_90' title='bbox 742 1195 825 1229; x_wconf 93' lang='lat' dir='ltr'><strong>cur</strong></span> <span class='ocrx_word' id='word_1_91' title='bbox 863 1193 1013 1228; x_wconf 87' lang='lat' dir='ltr'><strong>voces</strong></span> <span class='ocrx_word' id='word_1_92' title='bbox 1051 1182 1255 1229; x_wconf 89' lang='lat' dir='ltr'><strong>nimium</strong></span> <span class='ocrx_word' id='word_1_93' title='bbox 1292 1180 1581 1243; x_wconf 90' lang='lat' dir='ltr'><strong>pudibunda</strong></span> <span class='ocrx_word' id='word_1_94' title='bbox 1617 1177 1861 1228; x_wconf 80' lang='lat' dir='ltr'><strong>moraris?</strong></span> 
     </span>
    </p>

    <p class='ocr_par' dir='ltr' id='par_1_11' title="bbox 528 1252 1684 1316">
     <span class='ocr_line' id='line_1_18' title="bbox 528 1252 1684 1316; baseline 0 -15"><span class='ocrx_word' id='word_1_95' title='bbox 528 1253 722 1316; x_wconf 36' lang='lat' dir='ltr'><strong>‘Incipe</strong></span> <span class='ocrx_word' id='word_1_96' title='bbox 759 1253 1037 1302; x_wconf 90' lang='lat' dir='ltr'><strong>Maenalios</strong></span> <span class='ocrx_word' id='word_1_97' title='bbox 1076 1261 1245 1303; x_wconf 84' lang='lat' dir='ltr'><strong>nostra</strong></span> <span class='ocrx_word' id='word_1_98' title='bbox 1282 1253 1459 1302; x_wconf 87' lang='lat' dir='ltr'><strong>Thalia</strong></span> <span class='ocrx_word' id='word_1_99' title='bbox 1495 1252 1684 1315; x_wconf 85' lang='lat' dir='ltr'><strong>modos,</strong></span> 
     </span>
    </p>

    <p class='ocr_par' dir='ltr' id='par_1_12' title="bbox 419 1325 1706 1463">
     <span class='ocr_line' id='line_1_19' title="bbox 419 1325 1675 1390; baseline 0.002 -17"><span class='ocrx_word' id='word_1_100' title='bbox 419 1326 588 1390; x_wconf 83' lang='lat' dir='ltr'><strong>Incipe</strong></span> <span class='ocrx_word' id='word_1_101' title='bbox 628 1342 714 1389; x_wconf 90' lang='lat' dir='ltr'><strong>per</strong></span> <span class='ocrx_word' id='word_1_102' title='bbox 751 1327 921 1390; x_wconf 90' lang='lat' dir='ltr'><strong>sponsi</strong></span> <span class='ocrx_word' id='word_1_103' title='bbox 959 1328 1159 1376; x_wconf 87' lang='lat' dir='ltr'><strong>meritas</strong></span> <span class='ocrx_word' id='word_1_104' title='bbox 1199 1326 1449 1376; x_wconf 85' lang='lat' dir='ltr'><strong>decurrere</strong></span> <span class='ocrx_word' id='word_1_105' title='bbox 1487 1325 1675 1387; x_wconf 88' lang='lat' dir='ltr'><strong>laudes,</strong></span> 
     </span>
     <span class='ocr_line' id='line_1_20' title="bbox 568 1399 1706 1463; baseline -0.001 -15"><span class='ocrx_word' id='word_1_106' title='bbox 568 1400 679 1448; x_wconf 90' lang='lat' dir='ltr'><strong>Non</strong></span> <span class='ocrx_word' id='word_1_107' title='bbox 716 1415 793 1450; x_wconf 90' lang='lat' dir='ltr'><strong>res</strong></span> <span class='ocrx_word' id='word_1_108' title='bbox 835 1405 910 1449; x_wconf 89' lang='lat' dir='ltr'><strong>est</strong></span> <span class='ocrx_word' id='word_1_109' title='bbox 945 1407 1133 1463; x_wconf 88' lang='lat' dir='ltr'><strong>nuptae</strong></span> <span class='ocrx_word' id='word_1_110' title='bbox 1170 1402 1352 1462; x_wconf 83' lang='lat' dir='ltr'><strong>gratior</strong></span> <span class='ocrx_word' id='word_1_111' title='bbox 1389 1399 1492 1448; x_wconf 91' lang='lat' dir='ltr'><strong>ulla</strong></span> <span class='ocrx_word' id='word_1_112' title='bbox 1529 1414 1706 1449; x_wconf 86' lang='lat' dir='ltr'><strong>novae.</strong></span> 
     </span>
    </p>

    <p class='ocr_par' dir='ltr' id='par_1_13' title="bbox 424 1472 1738 1610">
     <span class='ocr_line' id='line_1_21' title="bbox 424 1472 1713 1537; baseline -0.002 -15"><span class='ocrx_word' id='word_1_113' title='bbox 424 1472 534 1522; x_wconf 91' lang='lat' dir='ltr'><strong>Non</strong></span> <span class='ocrx_word' id='word_1_114' title='bbox 574 1476 665 1521; x_wconf 85' lang='lat' dir='ltr'><strong>erit</strong></span> <span class='ocrx_word' id='word_1_115' title='bbox 702 1473 775 1521; x_wconf 91' lang='lat' dir='ltr'><strong>illi</strong></span> <span class='ocrx_word' id='word_1_116' title='bbox 814 1472 987 1522; x_wconf 91' lang='lat' dir='ltr'><strong>eadem</strong></span> <span class='ocrx_word' id='word_1_117' title='bbox 1027 1475 1235 1537; x_wconf 87' lang='lat' dir='ltr'><strong>repetito</strong></span> <span class='ocrx_word' id='word_1_118' title='bbox 1275 1488 1422 1523; x_wconf 90' lang='lat' dir='ltr'><strong>scena</strong></span> <span class='ocrx_word' id='word_1_119' title='bbox 1460 1472 1713 1533; x_wconf 91' lang='lat' dir='ltr'><strong>cothurno,</strong></span> 
     </span>
     <span class='ocr_line' id='line_1_22' title="bbox 569 1546 1738 1610; baseline 0.002 -16"><span class='ocrx_word' id='word_1_120' title='bbox 569 1546 730 1594; x_wconf 90' lang='lat' dir='ltr'><strong>Multa</strong></span> <span class='ocrx_word' id='word_1_121' title='bbox 767 1546 905 1595; x_wconf 86' lang='lat' dir='ltr'><strong>videt</strong></span> <span class='ocrx_word' id='word_1_122' title='bbox 944 1561 1105 1609; x_wconf 81' lang='lat' dir='ltr'><strong>veruS,</strong></span> <span class='ocrx_word' id='word_1_123' title='bbox 1145 1547 1357 1610; x_wconf 89' lang='lat' dir='ltr'><strong>plurima</strong></span> <span class='ocrx_word' id='word_1_124' title='bbox 1394 1548 1549 1596; x_wconf 88' lang='lat' dir='ltr'><strong>nescit</strong></span> <span class='ocrx_word' id='word_1_125' title='bbox 1587 1559 1738 1596; x_wconf 77' lang='lat' dir='ltr'><strong>amor.</strong></span> 
     </span>
    </p>

    <p class='ocr_par' dir='ltr' id='par_1_14' title="bbox 426 1618 1870 1757">
     <span class='ocr_line' id='line_1_23' title="bbox 426 1618 1818 1683; baseline -0.002 -15"><span class='ocrx_word' id='word_1_126' title='bbox 426 1618 480 1668; x_wconf 93' lang='lat' dir='ltr'><strong>Si</strong></span> <span class='ocrx_word' id='word_1_127' title='bbox 518 1619 636 1683; x_wconf 90' lang='lat' dir='ltr'><strong>quid</strong></span> <span class='ocrx_word' id='word_1_128' title='bbox 674 1619 824 1668; x_wconf 90' lang='lat' dir='ltr'><strong>habet</strong></span> <span class='ocrx_word' id='word_1_129' title='bbox 861 1634 1054 1683; x_wconf 89' lang='lat' dir='ltr'><strong>corpus,</strong></span> <span class='ocrx_word' id='word_1_130' title='bbox 1095 1622 1138 1668; x_wconf 91' lang='lat' dir='ltr'><strong>si</strong></span> <span class='ocrx_word' id='word_1_131' title='bbox 1178 1620 1294 1683; x_wconf 89' lang='lat' dir='ltr'><strong>quid</strong></span> <span class='ocrx_word' id='word_1_132' title='bbox 1331 1621 1526 1669; x_wconf 87' lang='lat' dir='ltr'><strong>fortuna</strong></span> <span class='ocrx_word' id='word_1_133' title='bbox 1563 1621 1818 1683; x_wconf 88' lang='lat' dir='ltr'><strong>gubernat,</strong></span> 
     </span>
     <span class='ocr_line' id='line_1_24' title="bbox 571 1692 1870 1757; baseline 0 -15"><span class='ocrx_word' id='word_1_134' title='bbox 571 1693 715 1755; x_wconf 83' lang='lat' dir='ltr'><strong>Quod</strong></span> <span class='ocrx_word' id='word_1_135' title='bbox 754 1692 916 1742; x_wconf 89' lang='lat' dir='ltr'><strong>decori</strong></span> <span class='ocrx_word' id='word_1_136' title='bbox 957 1700 1058 1742; x_wconf 85' lang='lat' dir='ltr'><strong>est:</strong></span> <span class='ocrx_word' id='word_1_137' title='bbox 1100 1708 1331 1757; x_wconf 87' lang='lat' dir='ltr'><strong>sponsam</strong></span> <span class='ocrx_word' id='word_1_138' title='bbox 1369 1708 1466 1745; x_wconf 87' lang='lat' dir='ltr'><strong>non</strong></span> <span class='ocrx_word' id='word_1_139' title='bbox 1503 1693 1708 1742; x_wconf 88' lang='lat' dir='ltr'><strong>latuisse</strong></span> <span class='ocrx_word' id='word_1_140' title='bbox 1745 1704 1870 1742; x_wconf 76' lang='lat' dir='ltr'><strong>reor.</strong></span> 
     </span>
    </p>

    <p class='ocr_par' dir='ltr' id='par_1_15' title="bbox 426 1765 1854 1904">
     <span class='ocr_line' id='line_1_25' title="bbox 426 1765 1854 1830; baseline -0.003 -15"><span class='ocrx_word' id='word_1_141' title='bbox 426 1765 523 1815; x_wconf 89' lang='lat' dir='ltr'><strong>Sed</strong></span> <span class='ocrx_word' id='word_1_142' title='bbox 563 1781 689 1829; x_wconf 90' lang='lat' dir='ltr'><strong>quae</strong></span> <span class='ocrx_word' id='word_1_143' title='bbox 729 1765 872 1815; x_wconf 89' lang='lat' dir='ltr'><strong>corde</strong></span> <span class='ocrx_word' id='word_1_144' title='bbox 910 1765 1081 1828; x_wconf 89' lang='lat' dir='ltr'><strong>latent,</strong></span> <span class='ocrx_word' id='word_1_145' title='bbox 1121 1781 1218 1815; x_wconf 91' lang='lat' dir='ltr'><strong>non</strong></span> <span class='ocrx_word' id='word_1_146' title='bbox 1259 1767 1377 1830; x_wconf 89' lang='lat' dir='ltr'><strong>Argi</strong></span> <span class='ocrx_word' id='word_1_147' title='bbox 1414 1767 1601 1816; x_wconf 89' lang='lat' dir='ltr'><strong>lumina</strong></span> <span class='ocrx_word' id='word_1_148' title='bbox 1640 1769 1854 1826; x_wconf 89' lang='lat' dir='ltr'><strong>cernunt,</strong></span> 
     </span>
     <span class='ocr_line' id='line_1_26' title="bbox 567 1840 1605 1904; baseline -0.001 -15"><span class='ocrx_word' id='word_1_149' title='bbox 567 1840 678 1889; x_wconf 92' lang='lat' dir='ltr'><strong>Non</strong></span> <span class='ocrx_word' id='word_1_150' title='bbox 715 1842 821 1903; x_wconf 88' lang='lat' dir='ltr'><strong>ipse</strong></span> <span class='ocrx_word' id='word_1_151' title='bbox 859 1841 1049 1903; x_wconf 90' lang='lat' dir='ltr'><strong>impuro</strong></span> <span class='ocrx_word' id='word_1_152' title='bbox 1088 1840 1303 1904; x_wconf 88' lang='lat' dir='ltr'><strong>prodidit</strong></span> <span class='ocrx_word' id='word_1_153' title='bbox 1342 1856 1423 1890; x_wconf 91' lang='lat' dir='ltr'><strong>ore</strong></span> <span class='ocrx_word' id='word_1_154' title='bbox 1460 1842 1605 1890; x_wconf 87' lang='lat' dir='ltr'><strong>bona.</strong></span> 
     </span>
    </p>

    <p class='ocr_par' dir='ltr' id='par_1_16' title="bbox 424 1911 1717 2051">
     <span class='ocr_line' id='line_1_27' title="bbox 424 1911 1599 1963; baseline 0.001 -1"><span class='ocrx_word' id='word_1_155' title='bbox 424 1911 550 1962; x_wconf 90' lang='lat' dir='ltr'><strong>Nam</strong></span> <span class='ocrx_word' id='word_1_156' title='bbox 588 1915 631 1962; x_wconf 94' lang='lat' dir='ltr'><strong>si</strong></span> <span class='ocrx_word' id='word_1_157' title='bbox 669 1915 931 1963; x_wconf 84' lang='lat' dir='ltr'><strong>verborum</strong></span> <span class='ocrx_word' id='word_1_158' title='bbox 967 1913 1166 1962; x_wconf 88' lang='lat' dir='ltr'><strong>sublimi</strong></span> <span class='ocrx_word' id='word_1_159' title='bbox 1207 1914 1431 1963; x_wconf 80' lang='lat' dir='ltr'><strong>attollere</strong></span> <span class='ocrx_word' id='word_1_160' title='bbox 1470 1914 1599 1963; x_wconf 91' lang='lat' dir='ltr'><strong>mole</strong></span> 
     </span>
     <span class='ocr_line' id='line_1_28' title="bbox 567 1986 1717 2051; baseline -0.001 -16"><span class='ocrx_word' id='word_1_161' title='bbox 567 1986 666 2036; x_wconf 91' lang='lat' dir='ltr'><strong>Res</strong></span> <span class='ocrx_word' id='word_1_162' title='bbox 706 1992 781 2035; x_wconf 87' lang='lat' dir='ltr'><strong>est</strong></span> <span class='ocrx_word' id='word_1_163' title='bbox 819 1986 1069 2036; x_wconf 85' lang='lat' dir='ltr'><strong>dedecoris</strong></span> <span class='ocrx_word' id='word_1_164' title='bbox 1106 1987 1268 2051; x_wconf 89' lang='lat' dir='ltr'><strong>plena,</strong></span> <span class='ocrx_word' id='word_1_165' title='bbox 1306 1987 1493 2050; x_wconf 88' lang='lat' dir='ltr'><strong>pudore</strong></span> <span class='ocrx_word' id='word_1_166' title='bbox 1533 2000 1717 2047; x_wconf 70' lang='lat' dir='ltr'><strong>carem,</strong></span> 
     </span>
    </p>

    <p class='ocr_par' dir='ltr' id='par_1_17' title="bbox 424 2057 1777 2196">
     <span class='ocr_line' id='line_1_29' title="bbox 424 2057 1777 2125; baseline -0.001 -17"><span class='ocrx_word' id='word_1_167' title='bbox 424 2057 493 2108; x_wconf 87' lang='lat' dir='ltr'><strong>Ut</strong></span> <span class='ocrx_word' id='word_1_168' title='bbox 529 2061 594 2108; x_wconf 88' lang='lat' dir='ltr'><strong>sit</strong></span> <span class='ocrx_word' id='word_1_169' title='bbox 630 2075 761 2122; x_wconf 85' lang='lat' dir='ltr'><strong>vera,</strong></span> <span class='ocrx_word' id='word_1_170' title='bbox 801 2066 964 2109; x_wconf 87' lang='lat' dir='ltr'><strong>tamen</strong></span> <span class='ocrx_word' id='word_1_171' title='bbox 1001 2075 1191 2125; x_wconf 89' lang='lat' dir='ltr'><strong>semper</strong></span> <span class='ocrx_word' id='word_1_172' title='bbox 1226 2061 1337 2110; x_wconf 87' lang='lat' dir='ltr'><strong>laus</strong></span> <span class='ocrx_word' id='word_1_173' title='bbox 1374 2062 1572 2124; x_wconf 90' lang='lat' dir='ltr'><strong>propria</strong></span> <span class='ocrx_word' id='word_1_174' title='bbox 1610 2064 1777 2123; x_wconf 91' lang='lat' dir='ltr'><strong>putet;</strong></span> 
     </span>
     <span class='ocr_line' id='line_1_30' title="bbox 570 2133 1602 2196; baseline -0.001 -14"><span class='ocrx_word' id='word_1_175' title='bbox 570 2133 729 2196; x_wconf 88' lang='lat' dir='ltr'><strong>Saepe</strong></span> <span class='ocrx_word' id='word_1_176' title='bbox 768 2133 1072 2183; x_wconf 90' lang='lat' dir='ltr'><strong>verecundus</strong></span> <span class='ocrx_word' id='word_1_177' title='bbox 1110 2149 1228 2184; x_wconf 89' lang='lat' dir='ltr'><strong>vera</strong></span> <span class='ocrx_word' id='word_1_178' title='bbox 1265 2139 1424 2183; x_wconf 91' lang='lat' dir='ltr'><strong>tacere</strong></span> <span class='ocrx_word' id='word_1_179' title='bbox 1461 2133 1602 2183; x_wconf 91' lang='lat' dir='ltr'><strong>solet.</strong></span> 
     </span>
    </p>

    <p class='ocr_par' dir='ltr' id='par_1_18' title="bbox 425 2202 1941 2330">
     <span class='ocr_line' id='line_1_31' title="bbox 425 2202 1941 2269; baseline -0.003 -15"><span class='ocrx_word' id='word_1_180' title='bbox 425 2205 567 2255; x_wconf 91' lang='lat' dir='ltr'><strong>Adde</strong></span> <span class='ocrx_word' id='word_1_181' title='bbox 606 2206 737 2269; x_wconf 92' lang='lat' dir='ltr'><strong>quod</strong></span> <span class='ocrx_word' id='word_1_182' title='bbox 774 2206 908 2256; x_wconf 90' lang='lat' dir='ltr'><strong>haud</strong></span> <span class='ocrx_word' id='word_1_183' title='bbox 945 2207 1104 2256; x_wconf 85' lang='lat' dir='ltr'><strong>famae</strong></span> <span class='ocrx_word' id='word_1_184' title='bbox 1141 2213 1300 2255; x_wconf 92' lang='lat' dir='ltr'><strong>tutum</strong></span> <span class='ocrx_word' id='word_1_185' title='bbox 1339 2213 1415 2256; x_wconf 92' lang='lat' dir='ltr'><strong>est</strong></span> <span class='ocrx_word' id='word_1_186' title='bbox 1451 2222 1541 2256; x_wconf 87' lang='lat' dir='ltr'><strong>sua</strong></span> <span class='ocrx_word' id='word_1_187' title='bbox 1579 2203 1788 2266; x_wconf 89' lang='lat' dir='ltr'><strong>credere,</strong></span> <span class='ocrx_word' id='word_1_188' title='bbox 1826 2202 1941 2252; x_wconf 85' lang='lat' dir='ltr'><strong>fecit</strong></span> 
     </span>
     <span class='ocr_line' id='line_1_32' title="bbox 569 2279 1762 2330; baseline -0.002 -2"><span class='ocrx_word' id='word_1_189' title='bbox 569 2279 808 2330; x_wconf 87' lang='lat' dir='ltr'><strong>Fallendo</strong></span> <span class='ocrx_word' id='word_1_190' title='bbox 848 2287 896 2330; x_wconf 91' lang='lat' dir='ltr'><strong>et</strong></span> <span class='ocrx_word' id='word_1_191' title='bbox 933 2295 1104 2330; x_wconf 83' lang='lat' dir='ltr'><strong>verum</strong></span> <span class='ocrx_word' id='word_1_192' title='bbox 1141 2280 1325 2330; x_wconf 87' lang='lat' dir='ltr'><strong>fraudis</strong></span> <span class='ocrx_word' id='word_1_193' title='bbox 1362 2280 1543 2329; x_wconf 89' lang='lat' dir='ltr'><strong>habere</strong></span> <span class='ocrx_word' id='word_1_194' title='bbox 1580 2283 1762 2328; x_wconf 91' lang='lat' dir='ltr'><strong>notam.</strong></span> 
     </span>
    </p>

    <p class='ocr_par' dir='ltr' id='par_1_19' title="bbox 426 2351 1630 2491">
     <span class='ocr_line' id='line_1_33' title="bbox 426 2351 1630 2416; baseline 0.001 -15"><span class='ocrx_word' id='word_1_195' title='bbox 426 2351 526 2401; x_wconf 88' lang='lat' dir='ltr'><strong>Sed</strong></span> <span class='ocrx_word' id='word_1_196' title='bbox 565 2359 633 2414; x_wconf 93' lang='lat' dir='ltr'><strong>tu,</strong></span> <span class='ocrx_word' id='word_1_197' title='bbox 679 2368 801 2416; x_wconf 90' lang='lat' dir='ltr'><strong>quas</strong></span> <span class='ocrx_word' id='word_1_198' title='bbox 839 2353 982 2404; x_wconf 89' lang='lat' dir='ltr'><strong>vultu</strong></span> <span class='ocrx_word' id='word_1_199' title='bbox 1019 2354 1178 2403; x_wconf 84' lang='lat' dir='ltr'><strong>voluit</strong></span> <span class='ocrx_word' id='word_1_200' title='bbox 1215 2353 1370 2403; x_wconf 88' lang='lat' dir='ltr'><strong>celare</strong></span> <span class='ocrx_word' id='word_1_201' title='bbox 1407 2353 1630 2403; x_wconf 91' lang='lat' dir='ltr'><strong>modesto</strong></span> 
     </span>
     <span class='ocr_line' id='line_1_34' title="bbox 570 2427 1581 2491; baseline -0.002 -15"><span class='ocrx_word' id='word_1_202' title='bbox 570 2427 805 2488; x_wconf 88' lang='lat' dir='ltr'><strong>Virtutes,</strong></span> <span class='ocrx_word' id='word_1_203' title='bbox 845 2428 992 2491; x_wconf 91' lang='lat' dir='ltr'><strong>pleno</strong></span> <span class='ocrx_word' id='word_1_204' title='bbox 1031 2433 1225 2491; x_wconf 88' lang='lat' dir='ltr'><strong>gutture</strong></span> <span class='ocrx_word' id='word_1_205' title='bbox 1264 2427 1410 2476; x_wconf 93' lang='lat' dir='ltr'><strong>Musa</strong></span> <span class='ocrx_word' id='word_1_206' title='bbox 1447 2441 1581 2476; x_wconf 88' lang='lat' dir='ltr'><strong>cane.</strong></span> 
     </span>
    </p>

    <p class='ocr_par' dir='ltr' id='par_1_20' title="bbox 426 2498 1825 2624">
     <span class='ocr_line' id='line_1_35' title="bbox 426 2498 1825 2564; baseline -0.003 -15"><span class='ocrx_word' id='word_1_207' title='bbox 426 2498 557 2549; x_wconf 88' lang='lat' dir='ltr'><strong>Vera</strong></span> <span class='ocrx_word' id='word_1_208' title='bbox 592 2500 730 2562; x_wconf 84' lang='lat' dir='ltr'><strong>refer,</strong></span> <span class='ocrx_word' id='word_1_209' title='bbox 769 2515 859 2550; x_wconf 92' lang='lat' dir='ltr'><strong>nec</strong></span> <span class='ocrx_word' id='word_1_210' title='bbox 897 2501 1068 2550; x_wconf 90' lang='lat' dir='ltr'><strong>dextra</strong></span> <span class='ocrx_word' id='word_1_211' title='bbox 1103 2502 1262 2562; x_wconf 86' lang='lat' dir='ltr'><strong>nimis,</strong></span> <span class='ocrx_word' id='word_1_212' title='bbox 1302 2515 1392 2550; x_wconf 92' lang='lat' dir='ltr'><strong>nec</strong></span> <span class='ocrx_word' id='word_1_213' title='bbox 1427 2514 1576 2564; x_wconf 88' lang='lat' dir='ltr'><strong>perge</strong></span> <span class='ocrx_word' id='word_1_214' title='bbox 1613 2498 1825 2559; x_wconf 90' lang='lat' dir='ltr'><strong>sinistra,</strong></span> 
     </span>
     <span class='ocr_line' id='line_1_36' title="bbox 575 2573 1638 2624; baseline -0.003 -1"><span class='ocrx_word' id='word_1_215' title='bbox 575 2573 672 2623; x_wconf 87' lang='lat' dir='ltr'><strong>Sed</strong></span> <span class='ocrx_word' id='word_1_216' title='bbox 711 2574 874 2624; x_wconf 87' lang='lat' dir='ltr'><strong>medio</strong></span> <span class='ocrx_word' id='word_1_217' title='bbox 912 2581 1072 2624; x_wconf 90' lang='lat' dir='ltr'><strong>rectae</strong></span> <span class='ocrx_word' id='word_1_218' title='bbox 1110 2576 1302 2623; x_wconf 84' lang='lat' dir='ltr'><strong>tramite</strong></span> <span class='ocrx_word' id='word_1_219' title='bbox 1342 2588 1475 2623; x_wconf 91' lang='lat' dir='ltr'><strong>curre</strong></span> <span class='ocrx_word' id='word_1_220' title='bbox 1513 2575 1638 2622; x_wconf 85' lang='lat' dir='ltr'><strong>viae.</strong></span> 
     </span>
    </p>

    <p class='ocr_par' dir='ltr' id='par_1_21' title="bbox 426 2645 1784 2772">
     <span class='ocr_line' id='line_1_37' title="bbox 426 2645 1784 2706; baseline -0.001 -11"><span class='ocrx_word' id='word_1_221' title='bbox 426 2645 560 2697; x_wconf 90' lang='lat' dir='ltr'><strong>Laus</strong></span> <span class='ocrx_word' id='word_1_222' title='bbox 597 2649 749 2696; x_wconf 87' lang='lat' dir='ltr'><strong>nimia</strong></span> <span class='ocrx_word' id='word_1_223' title='bbox 787 2653 860 2697; x_wconf 91' lang='lat' dir='ltr'><strong>est</strong></span> <span class='ocrx_word' id='word_1_224' title='bbox 898 2648 1045 2697; x_wconf 92' lang='lat' dir='ltr'><strong>hodie</strong></span> <span class='ocrx_word' id='word_1_225' title='bbox 1082 2653 1184 2696; x_wconf 90' lang='lat' dir='ltr'><strong>tam</strong></span> <span class='ocrx_word' id='word_1_226' title='bbox 1223 2648 1388 2696; x_wconf 90' lang='lat' dir='ltr'><strong>crebro</strong></span> <span class='ocrx_word' id='word_1_227' title='bbox 1429 2646 1639 2696; x_wconf 90' lang='lat' dir='ltr'><strong>dedecus</strong></span> <span class='ocrx_word' id='word_1_228' title='bbox 1676 2659 1784 2706; x_wconf 88' lang='lat' dir='ltr'><strong>usu,</strong></span> 
     </span>
     <span class='ocr_line' id='line_1_38' title="bbox 570 2720 1550 2772; baseline 0.003 -3"><span class='ocrx_word' id='word_1_229' title='bbox 570 2721 785 2770; x_wconf 87' lang='lat' dir='ltr'><strong>Fucatus</strong></span> <span class='ocrx_word' id='word_1_230' title='bbox 823 2721 1006 2770; x_wconf 90' lang='lat' dir='ltr'><strong>multus</strong></span> <span class='ocrx_word' id='word_1_231' title='bbox 1046 2720 1221 2770; x_wconf 90' lang='lat' dir='ltr'><strong>dicitur</strong></span> <span class='ocrx_word' id='word_1_232' title='bbox 1258 2735 1364 2770; x_wconf 92' lang='lat' dir='ltr'><strong>esse</strong></span> <span class='ocrx_word' id='word_1_233' title='bbox 1405 2720 1550 2772; x_wconf 82' lang='lat' dir='ltr'><strong>color.</strong></span> 
     </span>
    </p>

    <p class='ocr_par' dir='ltr' id='par_1_22' title="bbox 424 2791 1627 2930">
     <span class='ocr_line' id='line_1_39' title="bbox 424 2791 1627 2857; baseline 0.001 -15"><span class='ocrx_word' id='word_1_234' title='bbox 424 2791 582 2855; x_wconf 87' lang='lat' dir='ltr'><strong>Quam</strong></span> <span class='ocrx_word' id='word_1_235' title='bbox 620 2808 804 2856; x_wconf 86' lang='lat' dir='ltr'><strong>vereor,</strong></span> <span class='ocrx_word' id='word_1_236' title='bbox 838 2795 975 2857; x_wconf 86' lang='lat' dir='ltr'><strong>justa</strong></span> <span class='ocrx_word' id='word_1_237' title='bbox 1012 2796 1054 2844; x_wconf 83' lang='lat' dir='ltr'><strong>si</strong></span> <span class='ocrx_word' id='word_1_238' title='bbox 1088 2795 1235 2844; x_wconf 90' lang='lat' dir='ltr'><strong>libres</strong></span> <span class='ocrx_word' id='word_1_239' title='bbox 1276 2796 1437 2843; x_wconf 89' lang='lat' dir='ltr'><strong>omnia</strong></span> <span class='ocrx_word' id='word_1_240' title='bbox 1471 2793 1627 2856; x_wconf 87' lang='lat' dir='ltr'><strong>lance,</strong></span> 
     </span>
     <span class='ocr_line' id='line_1_40' title="bbox 567 2867 1539 2930; baseline -0.002 -13"><span class='ocrx_word' id='word_1_241' title='bbox 567 2867 641 2917; x_wconf 91' lang='lat' dir='ltr'><strong>Ne</strong></span> <span class='ocrx_word' id='word_1_242' title='bbox 678 2874 728 2917; x_wconf 93' lang='lat' dir='ltr'><strong>te</strong></span> <span class='ocrx_word' id='word_1_243' title='bbox 767 2869 957 2930; x_wconf 84' lang='lat' dir='ltr'><strong>vulgati</strong></span> <span class='ocrx_word' id='word_1_244' title='bbox 996 2870 1207 2918; x_wconf 88' lang='lat' dir='ltr'><strong>criminis</strong></span> <span class='ocrx_word' id='word_1_245' title='bbox 1244 2868 1539 2920; x_wconf 76' lang='lat' dir='ltr'><strong>insimulent,</strong></span> 
     </span>
    </p>

    <p class='ocr_par' dir='ltr' id='par_1_23' title="bbox 426 2937 1820 3079">
     <span class='ocr_line' id='line_1_41' title="bbox 426 2937 1732 3005; baseline -0.002 -16"><span class='ocrx_word' id='word_1_246' title='bbox 426 2937 566 2990; x_wconf 86' lang='lat' dir='ltr'><strong>Unde</strong></span> <span class='ocrx_word' id='word_1_247' title='bbox 606 2941 691 2990; x_wconf 92' lang='lat' dir='ltr'><strong>sed</strong></span> <span class='ocrx_word' id='word_1_248' title='bbox 730 2943 910 3004; x_wconf 88' lang='lat' dir='ltr'><strong>incepti</strong></span> <span class='ocrx_word' id='word_1_249' title='bbox 949 2947 1114 3005; x_wconf 87' lang='lat' dir='ltr'><strong>surget</strong></span> <span class='ocrx_word' id='word_1_250' title='bbox 1148 2942 1269 2990; x_wconf 90' lang='lat' dir='ltr'><strong>mihi</strong></span> <span class='ocrx_word' id='word_1_251' title='bbox 1308 2942 1532 2991; x_wconf 86' lang='lat' dir='ltr'><strong>carminis</strong></span> <span class='ocrx_word' id='word_1_252' title='bbox 1570 2937 1732 2988; x_wconf 77' lang='lat' dir='ltr'><strong>ordo?</strong></span> 
     </span>
     <span class='ocr_line' id='line_1_42' title="bbox 573 3011 1820 3079; baseline -0.001 -17"><span class='ocrx_word' id='word_1_253' title='bbox 573 3012 703 3076; x_wconf 87' lang='lat' dir='ltr'><strong>Quid</strong></span> <span class='ocrx_word' id='word_1_254' title='bbox 743 3021 878 3064; x_wconf 85' lang='lat' dir='ltr'><strong>tanto</strong></span> <span class='ocrx_word' id='word_1_255' title='bbox 918 3016 966 3063; x_wconf 92' lang='lat' dir='ltr'><strong>in</strong></span> <span class='ocrx_word' id='word_1_256' title='bbox 1005 3015 1196 3065; x_wconf 90' lang='lat' dir='ltr'><strong>cumulo</strong></span> <span class='ocrx_word' id='word_1_257' title='bbox 1235 3022 1372 3079; x_wconf 90' lang='lat' dir='ltr'><strong>parte</strong></span> <span class='ocrx_word' id='word_1_258' title='bbox 1410 3016 1568 3078; x_wconf 91' lang='lat' dir='ltr'><strong>priore</strong></span> <span class='ocrx_word' id='word_1_259' title='bbox 1606 3011 1820 3075; x_wconf 78' lang='lat' dir='ltr'><strong>loquar?</strong></span> 
     </span>
    </p>

    <p class='ocr_par' dir='ltr' id='par_1_24' title="bbox 425 3082 1739 3224">
     <span class='ocr_line' id='line_1_43' title="bbox 425 3082 1726 3149; baseline -0.002 -14"><span class='ocrx_word' id='word_1_260' title='bbox 425 3082 646 3136; x_wconf 86' lang='lat' dir='ltr'><strong>Incertus</strong></span> <span class='ocrx_word' id='word_1_261' title='bbox 683 3089 821 3137; x_wconf 86' lang='lat' dir='ltr'><strong>feror.</strong></span> <span class='ocrx_word' id='word_1_262' title='bbox 895 3088 1026 3138; x_wconf 90' lang='lat' dir='ltr'><strong>Hinc</strong></span> <span class='ocrx_word' id='word_1_263' title='bbox 1065 3090 1240 3138; x_wconf 90' lang='lat' dir='ltr'><strong>etenim</strong></span> <span class='ocrx_word' id='word_1_264' title='bbox 1281 3088 1508 3137; x_wconf 86' lang='lat' dir='ltr'><strong>sublimia</strong></span> <span class='ocrx_word' id='word_1_265' title='bbox 1547 3087 1726 3149; x_wconf 87' lang='lat' dir='ltr'><strong>stirpis,</strong></span> 
     </span>
     <span class='ocr_line' id='line_1_44' title="bbox 571 3160 1739 3224; baseline -0.001 -16"><span class='ocrx_word' id='word_1_266' title='bbox 571 3160 885 3222; x_wconf 90' lang='lat' dir='ltr'><strong>Huldenrice,</strong></span> <span class='ocrx_word' id='word_1_267' title='bbox 925 3162 1123 3211; x_wconf 91' lang='lat' dir='ltr'><strong>trahunt</strong></span> <span class='ocrx_word' id='word_1_268' title='bbox 1158 3164 1356 3211; x_wconf 88' lang='lat' dir='ltr'><strong>nomina</strong></span> <span class='ocrx_word' id='word_1_269' title='bbox 1393 3174 1570 3224; x_wconf 91' lang='lat' dir='ltr'><strong>sponse</strong></span> <span class='ocrx_word' id='word_1_270' title='bbox 1609 3166 1739 3208; x_wconf 89' lang='lat' dir='ltr'><strong>tuae.</strong></span> 
     </span>
    </p>

    <p class='ocr_par' dir='ltr' id='par_1_25' title="bbox 426 3231 1788 3371">
     <span class='ocr_line' id='line_1_45' title="bbox 426 3231 1788 3297; baseline 0 -18"><span class='ocrx_word' id='word_1_271' title='bbox 426 3231 555 3283; x_wconf 91' lang='lat' dir='ltr'><strong>Hinc</strong></span> <span class='ocrx_word' id='word_1_272' title='bbox 591 3241 678 3284; x_wconf 88' lang='lat' dir='ltr'><strong>tua</strong></span> <span class='ocrx_word' id='word_1_273' title='bbox 714 3250 792 3284; x_wconf 89' lang='lat' dir='ltr'><strong>me</strong></span> <span class='ocrx_word' id='word_1_274' title='bbox 831 3237 999 3296; x_wconf 88' lang='lat' dir='ltr'><strong>virtus,</strong></span> <span class='ocrx_word' id='word_1_275' title='bbox 1038 3240 1181 3296; x_wconf 82' lang='lat' dir='ltr'><strong>artes,</strong></span> <span class='ocrx_word' id='word_1_276' title='bbox 1221 3248 1505 3297; x_wconf 90' lang='lat' dir='ltr'><strong>morumque</strong></span> <span class='ocrx_word' id='word_1_277' title='bbox 1544 3237 1788 3293; x_wconf 76' lang='lat' dir='ltr'><strong>venustae,</strong></span> 
     </span>
     <span class='ocr_line' id='line_1_46' title="bbox 570 3308 1478 3371; baseline -0.001 -15"><span class='ocrx_word' id='word_1_278' title='bbox 570 3308 792 3358; x_wconf 90' lang='lat' dir='ltr'><strong>Nobilior</strong></span> <span class='ocrx_word' id='word_1_279' title='bbox 829 3314 1003 3358; x_wconf 87' lang='lat' dir='ltr'><strong>cuncta</strong></span> <span class='ocrx_word' id='word_1_280' title='bbox 1040 3309 1296 3358; x_wconf 88' lang='lat' dir='ltr'><strong>nobilitate</strong></span> <span class='ocrx_word' id='word_1_281' title='bbox 1335 3309 1478 3371; x_wconf 86' lang='lat' dir='ltr'><strong>rapit.</strong></span> 
     </span>
    </p>

    <p class='ocr_par' dir='ltr' id='par_1_26' title="bbox 429 3378 1713 3516">
     <span class='ocr_line' id='line_1_47' title="bbox 429 3378 1713 3445; baseline 0.002 -18"><span class='ocrx_word' id='word_1_282' title='bbox 429 3378 553 3428; x_wconf 87' lang='lat' dir='ltr'><strong>Nam</strong></span> <span class='ocrx_word' id='word_1_283' title='bbox 594 3381 710 3443; x_wconf 86' lang='lat' dir='ltr'><strong>quid</strong></span> <span class='ocrx_word' id='word_1_284' title='bbox 749 3382 983 3445; x_wconf 78' lang='lat' dir='ltr'><strong>profuerit</strong></span> <span class='ocrx_word' id='word_1_285' title='bbox 1020 3381 1169 3431; x_wconf 91' lang='lat' dir='ltr'><strong>coelis</strong></span> <span class='ocrx_word' id='word_1_286' title='bbox 1208 3387 1420 3444; x_wconf 88' lang='lat' dir='ltr'><strong>aequata</strong></span> <span class='ocrx_word' id='word_1_287' title='bbox 1456 3382 1713 3443; x_wconf 86' lang='lat' dir='ltr'><strong>parentum</strong></span> 
     </span>
     <span class='ocr_line' id='line_1_48' title="bbox 576 3450 1609 3516; baseline -0.004 -14"><span class='ocrx_word' id='word_1_288' title='bbox 576 3453 758 3516; x_wconf 87' lang='lat' dir='ltr'><strong>Gloria,</strong></span> <span class='ocrx_word' id='word_1_289' title='bbox 799 3455 839 3502; x_wconf 87' lang='lat' dir='ltr'><strong>si</strong></span> <span class='ocrx_word' id='word_1_290' title='bbox 877 3454 1020 3504; x_wconf 90' lang='lat' dir='ltr'><strong>soedo</strong></span> <span class='ocrx_word' id='word_1_291' title='bbox 1061 3456 1257 3504; x_wconf 88' lang='lat' dir='ltr'><strong>crimine</strong></span> <span class='ocrx_word' id='word_1_292' title='bbox 1296 3456 1401 3502; x_wconf 87' lang='lat' dir='ltr'><strong>vita</strong></span> <span class='ocrx_word' id='word_1_293' title='bbox 1437 3450 1609 3501; x_wconf 62' lang='lat' dir='ltr'><strong>labat‘s&gt;</strong></span> 
     </span>
    </p>

    <p class='ocr_par' dir='ltr' id='par_1_27' title="bbox 432 3523 1837 3662">
     <span class='ocr_line' id='line_1_49' title="bbox 432 3523 1724 3590; baseline -0.002 -17"><span class='ocrx_word' id='word_1_294' title='bbox 432 3523 603 3575; x_wconf 84' lang='lat' dir='ltr'><strong>Gentis</strong></span> <span class='ocrx_word' id='word_1_295' title='bbox 639 3527 934 3590; x_wconf 83' lang='lat' dir='ltr'><strong>imaginibus</strong></span> <span class='ocrx_word' id='word_1_296' title='bbox 972 3527 1090 3576; x_wconf 88' lang='lat' dir='ltr'><strong>solis</strong></span> <span class='ocrx_word' id='word_1_297' title='bbox 1129 3530 1208 3576; x_wconf 92' lang='lat' dir='ltr'><strong>cui</strong></span> <span class='ocrx_word' id='word_1_298' title='bbox 1245 3526 1355 3575; x_wconf 87' lang='lat' dir='ltr'><strong>laus</strong></span> <span class='ocrx_word' id='word_1_299' title='bbox 1393 3539 1483 3574; x_wconf 87' lang='lat' dir='ltr'><strong>sua</strong></span> <span class='ocrx_word' id='word_1_300' title='bbox 1521 3527 1724 3584; x_wconf 87' lang='lat' dir='ltr'><strong>constat,</strong></span> 
     </span>
     <span class='ocr_line' id='line_1_50' title="bbox 574 3595 1837 3662; baseline -0.002 -16"><span class='ocrx_word' id='word_1_301' title='bbox 574 3596 747 3649; x_wconf 85' lang='lat' dir='ltr'><strong>Gentis</strong></span> <span class='ocrx_word' id='word_1_302' title='bbox 784 3601 833 3647; x_wconf 90' lang='lat' dir='ltr'><strong>in</strong></span> <span class='ocrx_word' id='word_1_303' title='bbox 870 3601 965 3651; x_wconf 91' lang='lat' dir='ltr'><strong>hoc</strong></span> <span class='ocrx_word' id='word_1_304' title='bbox 1002 3615 1209 3661; x_wconf 84' lang='lat' dir='ltr'><strong>magnae</strong></span> <span class='ocrx_word' id='word_1_305' title='bbox 1248 3598 1434 3662; x_wconf 91' lang='lat' dir='ltr'><strong>deperit</strong></span> <span class='ocrx_word' id='word_1_306' title='bbox 1473 3598 1627 3645; x_wconf 89' lang='lat' dir='ltr'><strong>omnis</strong></span> <span class='ocrx_word' id='word_1_307' title='bbox 1667 3595 1837 3657; x_wconf 84' lang='lat' dir='ltr'><strong>honos,</strong></span> 
     </span>
    </p>

    <p class='ocr_par' dir='ltr' id='par_1_28' title="bbox 430 3670 1687 3795">
     <span class='ocr_line' id='line_1_51' title="bbox 430 3670 1687 3735; baseline -0.001 -17"><span class='ocrx_word' id='word_1_308' title='bbox 430 3670 498 3718; x_wconf 87' lang='lat' dir='ltr'><strong>At</strong></span> <span class='ocrx_word' id='word_1_309' title='bbox 535 3676 603 3731; x_wconf 89' lang='lat' dir='ltr'><strong>tu,</strong></span> <span class='ocrx_word' id='word_1_310' title='bbox 644 3672 728 3735; x_wconf 90' lang='lat' dir='ltr'><strong>qui</strong></span> <span class='ocrx_word' id='word_1_311' title='bbox 765 3671 913 3723; x_wconf 81' lang='lat' dir='ltr'><strong>tantis</strong></span> <span class='ocrx_word' id='word_1_312' title='bbox 952 3675 1168 3723; x_wconf 89' lang='lat' dir='ltr'><strong>animum</strong></span> <span class='ocrx_word' id='word_1_313' title='bbox 1205 3671 1450 3720; x_wconf 85' lang='lat' dir='ltr'><strong>natalibus</strong></span> <span class='ocrx_word' id='word_1_314' title='bbox 1489 3683 1687 3731; x_wconf 87' lang='lat' dir='ltr'><strong>aequas,</strong></span> 
     </span>
     <span class='ocr_line' id='line_1_52' title="bbox 572 3743 1617 3795; baseline -0.003 -2"><span class='ocrx_word' id='word_1_315' title='bbox 572 3743 675 3793; x_wconf 92' lang='lat' dir='ltr'><strong>Nec</strong></span> <span class='ocrx_word' id='word_1_316' title='bbox 711 3748 873 3795; x_wconf 83' lang='lat' dir='ltr'><strong>tamen</strong></span> <span class='ocrx_word' id='word_1_317' title='bbox 912 3745 1103 3795; x_wconf 89' lang='lat' dir='ltr'><strong>illorum</strong></span> <span class='ocrx_word' id='word_1_318' title='bbox 1140 3744 1395 3795; x_wconf 87' lang='lat' dir='ltr'><strong>nobilitate</strong></span> <span class='ocrx_word' id='word_1_319' title='bbox 1434 3748 1617 3791; x_wconf 73' lang='lat' dir='ltr'><strong>tumesz</strong></span> 
     </span>
    </p>

    <p class='ocr_par' dir='ltr' id='par_1_29' title="bbox 427 3813 1626 3953">
     <span class='ocr_line' id='line_1_53' title="bbox 427 3813 1599 3881; baseline -0.002 -16"><span class='ocrx_word' id='word_1_320' title='bbox 427 3813 541 3879; x_wconf 88' lang='lat' dir='ltr'><strong>Ipse</strong></span> <span class='ocrx_word' id='word_1_321' title='bbox 578 3818 676 3865; x_wconf 89' lang='lat' dir='ltr'><strong>tuis</strong></span> <span class='ocrx_word' id='word_1_322' title='bbox 713 3816 849 3867; x_wconf 87' lang='lat' dir='ltr'><strong>luces</strong></span> <span class='ocrx_word' id='word_1_323' title='bbox 885 3819 1164 3878; x_wconf 86' lang='lat' dir='ltr'><strong>virtutibus,</strong></span> <span class='ocrx_word' id='word_1_324' title='bbox 1205 3820 1310 3881; x_wconf 86' lang='lat' dir='ltr'><strong>ipse</strong></span> <span class='ocrx_word' id='word_1_325' title='bbox 1350 3821 1599 3865; x_wconf 85' lang='lat' dir='ltr'><strong>canentem</strong></span> 
     </span>
     <span class='ocr_line' id='line_1_54' title="bbox 575 3887 1626 3953; baseline 0 -15"><span class='ocrx_word' id='word_1_326' title='bbox 575 3889 759 3953; x_wconf 85' lang='lat' dir='ltr'><strong>Dirigis</strong></span> <span class='ocrx_word' id='word_1_327' title='bbox 798 3891 845 3938; x_wconf 90' lang='lat' dir='ltr'><strong>in</strong></span> <span class='ocrx_word' id='word_1_328' title='bbox 884 3891 1050 3941; x_wconf 82' lang='lat' dir='ltr'><strong>celsae</strong></span> <span class='ocrx_word' id='word_1_329' title='bbox 1087 3891 1251 3941; x_wconf 88' lang='lat' dir='ltr'><strong>nobile</strong></span> <span class='ocrx_word' id='word_1_330' title='bbox 1289 3887 1448 3939; x_wconf 83' lang='lat' dir='ltr'><strong>laudis</strong></span> <span class='ocrx_word' id='word_1_331' title='bbox 1488 3902 1626 3953; x_wconf 82' lang='lat' dir='ltr'><strong>opus.</strong></span> 
     </span>
    </p>
   </div>
   <div class='ocr_carea' id='block_1_5' title="bbox 2224 150 2331 206">
    <p class='ocr_par' dir='ltr' id='par_1_30' title="bbox 2224 150 2331 206">
     <span class='ocr_line' id='line_1_55' title="bbox 2224 150 2331 206; baseline -0.009 0"><span class='ocrx_word' id='word_1_332' title='bbox 2224 150 2331 206; x_wconf 86' lang='lat'><strong>131</strong></span> 
     </span>
    </p>
   </div>
  </div>
 </body>
</html>
