2652 4088
843 150 992 199 Notae
1021 150 1070 198 in
1100 149 1332 198 Somnium
1362 153 1742 201 Astronomicum.
2359 150 2428 217 61

168 298 359 348 Volvam
386 302 431 348 in
463 301 671 348 orientali
704 300 806 360 ejus
834 299 985 360 plaga.
1046 297 1198 357 Atque
1228 300 1318 348 hoc
1348 301 1498 348 evenit
1526 301 1614 347 illis
1644 301 1758 347 locis
1788 301 1961 360 Lunae,
1993 314 2110 361 quae
2139 317 2223 350 nos
2253 305 2298 349 in
2330 305 2429 363 ejus

169 368 326 426 eclipsi
357 369 487 415 valde
518 370 680 416 rubere
711 367 930 414 videmuS.
989 368 1074 413 Hic
1105 369 1224 414 enim
1254 370 1394 414 rubor
1423 382 1606 414 causam
1635 369 1775 415 habet
1806 369 1959 415 radios
1992 370 2109 416 Solis
2139 371 2382 416 refractoS.

270 439 273 441 ’
342 435 442 482 195,
478 436 537 480 Et
568 435 748 492 quidem
780 435 907 479 Luna
937 447 1022 492 per
1050 448 1304 493 apogaeum
1342 435 1595 481 incedente.
1654 435 1772 482 Nam
1804 437 2124 494 experimentis
2155 437 2433 499 observatio-

166 513 274 547 num
305 507 507 560 constat,
545 501 697 547 radios
727 500 846 546 Solis
883 501 1110 570 refractos·
1138 502 1324 550 inferius
1353 503 1564 560 trajicere
1595 505 1815 561 umbram,
1857 517 2105 562 apogaeam
2135 506 2312 552 Lunam
2341 519 2432 552 nou

170 582 274 615 asse
308 584 370 615 m.
2315 591 2317 594 ⁴

277 583 307 627 q
349 636 447 682 196.
476 634 697 681 Nimirum
736 634 855 678 inest
893 633 1117 678 interdum
1155 635 1201 679 in
1233 635 1334 693 ipsa
1363 635 1555 681 materia
1596 649 1812 693 vaporum
1853 634 1934 681 lux
1964 634 2116 694 aliqua
2155 635 2431 694 prodigiosa,

169 715 263 747 non
291 702 475 747 veniens
507 716 536 747 a
565 701 690 756 Sole,
738 712 884 755 neque
925 714 1008 757 per
1034 703 1204 757 primos
1234 703 1406 759 radi08,
1451 713 1599 756 neque
1640 714 1723 758 per
1753 702 1995 749 secundos.
2060 704 2169 749 Cum
2199 702 2246 748 id
2275 703 2357 749 fiat
2387 702 2433 748 in

169 774 274 814 aere
302 769 516 823 terrestri,
547 766 715 824 poterit
745 766 903 812 eodem
933 766 1067 811 modo
1098 767 1196 812 fieri
1227 769 1362 814 etiam
1393 769 1438 813 in
1467 767 1628 812 lunari.

345 835 441 880 197.
471 834 610 878 Terra
640 832 771 890 enim,
804 845 885 877 seu
916 831 1080 889 Volva,
1113 833 1391 880 illuminatur
1422 834 1557 878 etiam
1589 846 1616 877 a
1653 833 1785 878 Luna
1815 833 1950 891 plena
1981 835 2262 892 acquiritque
2292 847 2350 880 ex
2381 847 2435 881 ea

172 898 500 944 illuminatione
530 900 756 955 quandam
788 898 1057 945 albedinem.
1114 900 1338 955 Quamdiu
1369 913 1474 956 ergo
1506 913 1595 944 nou
1626 905 1723 944 tot-a
1752 900 1885 945 Luna
1915 909 2164 957 conspectu
2197 900 2314 947 Solis
2344 900 2435 958 pri·

169 974 311 1022 vatur,
343 965 422 1011 sed
454 965 763 1011 tantummodo
786 964 1035 1019 marginum
1057 965 1287 1023 alteruter,
1317 966 1406 1012 hoc
1438 971 1508 1010 est
1539 964 1746 1009 divisoris
1778 965 1936 1010 circuli
1966 979 2072 1022 pars
2103 964 2334 1010 orientalis
2365 963 2436 1010 vel

172 1032 486 1087 occidentalis,
527 1045 673 1088 neque
706 1031 850 1076 Volva
895 1044 985 1076 una
1023 1046 1125 1077 cum
1158 1032 1262 1077 Sole
1302 1032 1485 1088 penitus
1517 1031 1569 1076 fit
1600 1029 1916 1086 inconspicua,
1960 1030 2040 1075 sed
2073 1027 2223 1075 Solem
2256 1029 2436 1086 quidem

169 1099 236 1145 illi
266 1099 457 1157 margini
486 1099 644 1144 Lunae
675 1099 875 1144 occultat
905 1105 1066 1151 totum,
1098 1100 1200 1156 ipsa
1229 1112 1334 1144 vero
1368 1111 1450 1143 sua
1482 1096 1689 1141 albedine
1711 1110 1739 1141 a
1759 1096 1890 1140 Luna
1921 1101 2109 1152 accepta
2128 1095 2323 1140 vicissim
2344 1096 2434 1142 illis

169 1164 375 1211 lunicolis
406 1170 477 1210 est
508 1166 764 1222 conspicua.
828 1165 944 1210 Sunt
973 1172 1123 1210 autem
1154 1165 1268 1211 haec
1299 1163 1490 1211 confuse
1521 1164 1705 1220 scripta,
1735 1175 1820 1207 nec
1851 1161 2017 1207 debent
2047 1162 2236 1218 intelligi
2268 1163 2327 1208 de
2354 1163 2434 1208 ali-

172 1245 260 1288 qua
291 1230 584 1288 eclipsatione
619 1231 798 1286 Volvae‚
834 1231 913 1275 sed
946 1229 1002 1276 de
1035 1231 1261 1276 ordinaria
1292 1229 1592 1276 exstinctione
1621 1229 1669 1273 in
1699 1227 1966 1284 novivolvio,
1999 1228 2116 1274 sicut
2146 1229 2275 1275 nobis
2306 1230 2436 1276 Luna

176 1297 479 1352 exstinguitur
507 1297 554 1341 in
586 1296 704 1341 omni
735 1296 981 1342 novilunio.

349 1363 447 1408 198.
479 1362 679 1406 Medium
713 1361 784 1405 bic
814 1361 973 1419 accipe
1001 1376 1092 1407 non
1123 1367 1336 1419 respectu
1366 1360 1608 1419 singularis
1638 1360 1729 1406 loci
1758 1361 1803 1406 in
1824 1361 1968 1417 Luna,
2002 1362 2084 1407 sed
2113 1361 2253 1407 totius
2283 1375 2438 1408 morae

174 1428 333 1474 Lunae
363 1430 410 1474 in
440 1429 598 1474 umbra
630 1429 818 1484 Terrae3
865 1435 973 1473 tunc
1015 1428 1133 1472 enim
1163 1429 1295 1474 Luna
1335 1441 1494 1474 carens
1525 1428 1627 1485 ipsa
1656 1427 1847 1484 lumine,
1891 1428 2064 1474 nullum
2095 1428 2230 1474 etiam
2262 1428 2438 1487 spargit

170 1495 217 1539 in
247 1494 434 1540 Terram
464 1509 547 1540 seu
577 1494 780 1549 Volvam,
810 1499 861 1539 ut
891 1507 1008 1551 quae
1038 1499 1148 1538 tunc
1178 1494 1258 1539 toti
1289 1494 1447 1540 Lunae
1478 1501 1622 1540 totum
1655 1493 1807 1539 Solem
1837 1493 2117 1551 intersepsit.

346 1560 446 1607 199.
479 1560 554 1605 Sic
591 1559 726 1605 etiam
764 1558 921 1615 accipe
961 1572 1118 1604 voces:
1162 1557 1369 1604 defectus
1399 1559 1517 1605 Solis
1556 1559 1677 1617 apud
1719 1559 1900 1605 lunares
1930 1560 2113 1605 maximi
2147 1565 2193 1607 et
2222 1574 2312 1605 non
2343 1573 2437 1605 ma·

173 1624 295 1681 ximi‚
325 1632 377 1671 ut
405 1625 712 1682 respondeant
732 1624 889 1682 eclipsi
911 1626 1071 1671 Lunae
1103 1627 1224 1685 apud
1256 1626 1491 1672 terricolas
1521 1627 1652 1671 totali
1684 1633 1729 1672 et
1758 1627 1955 1684 partiali.
1997 1627 2051 1672 In
2083 1627 2290 1673 omnibus
2311 1627 2437 1672 hisce

167 1704 323 1736 vocem
354 1692 617 1737 desectionis
649 1691 720 1736 vel
751 1690 956 1736 defectus
988 1691 1108 1737 refer
1138 1692 1194 1736 ad
1218 1691 1382 1750 Solem,
1415 1691 1472 1736 ad
1503 1693 1692 1738 Volvam
1723 1707 1815 1738 non
1847 1692 1999 1750 aliter,
2041 1707 2173 1750 quam
2207 1699 2431 1750 quatenus

173 1757 231 1802 ob
262 1758 413 1803 Solem
443 1757 726 1802 deficientem
759 1757 894 1802 etiam
924 1758 1003 1803 lux
1035 1758 1154 1803 Solis
1184 1772 1211 1803 a
1242 1759 1400 1805 Lunae
1434 1758 1569 1816 globo
1610 1773 1881 1817 repercussa
1918 1759 1963 1803 in
1995 1759 2181 1805 Terram
2222 1773 2303 1805 seu
2331 1758 2438 1805 Vol·

171 1836 273 1867 vam
305 1823 479 1882 deficit3
511 1833 562 1870 ut
591 1825 655 1869 ita
682 1823 827 1868 Volva
858 1824 978 1870 Solis
1009 1826 1187 1882 quidem
1220 1825 1432 1883 primario
1465 1826 1629 1871 lumine
1662 1831 1822 1871 careat.
1845 1831 2033 1883 propter
2063 1834 2328 1871 consuetum
2359 1838 2438 1870 no·

173 1887 425 1946 vivolvium,
454 1891 611 1935 Lunae
642 1903 748 1935 vero
778 1890 946 1936 lumine
978 1893 1246 1938 secundario
1275 1892 1410 1936 etiam
1442 1897 1629 1949 propter
1660 1891 1811 1936 Solem
1840 1891 2074 1938 lunaribus
2107 1892 2387 1949 eclipsatum.

348 1957 449 2002 200.
481 1957 675 2002 Lunaris
713 1956 894 2002 luminis
936 1957 1134 2003 calorem
1165 1958 1389 2015 (quamvis
1429 1957 1476 2003 id
1515 1957 1589 2001 vix
1631 1957 1691 2003 sit
1720 1957 2005 2014 quindecima
2044 1971 2154 2016 pars
2185 1958 2241 2003 de
2271 1957 2440 2004 lumine

173 2021 366 2079 Volvae)
396 2022 503 2068 lieet
532 2023 662 2069 nobis
696 2024 934 2080 explorare
964 2030 1103 2081 tactu,
1135 2033 1232 2068 arte
1256 2023 1436 2080 quidem
1458 2023 1681 2079 adjutum.
1724 2024 1840 2068 Nam
1862 2024 1900 2069 si
1925 2024 2076 2070 radios
2099 2024 2255 2071 Lunae
2274 2024 2443 2082 plenae

174 2090 374 2147 excipias
405 2091 590 2148 speculo
622 2098 735 2136 cavo
762 2091 1023 2149 parabolice
1055 2099 1133 2137 aut
1165 2091 1301 2137 etiam
1334 2090 1595 2147 sphaerico,
1628 2089 1794 2136 senties
1825 2089 1869 2134 in
1902 2088 2001 2135 loco
2032 2089 2134 2141 foci,
2166 2090 2243 2136 ubi
2274 2094 2440 2136 coeunt

171 2157 308 2212 radii,
350 2157 473 2203 velut
508 2158 696 2204 halitum
728 2158 953 2216 quendam
994 2159 1212 2215 tepidum.
1272 2158 1372 2202 Hoc
1410 2157 1520 2201 mihi
1562 2155 1751 2213 contigit
1780 2155 1942 2208 Lincii,
1981 2156 2300 2214 experimentis
2340 2156 2440 2202 aliis

174 2223 487 2279 specularibus
517 2226 706 2280 intento,
737 2240 838 2271 cum
870 2224 926 2268 de
957 2224 1106 2269 calore
1138 2223 1320 2270 luminis
1350 2236 1442 2269 non
1465 2222 1725 2280 cogitarem.
1768 2222 2122 2281 Circumspicere
2145 2223 2264 2270 enim
2293 2224 2438 2288 coepi,

173 2300 278 2333 num
311 2290 411 2347 quis
442 2304 621 2337 manum
650 2304 796 2337 meam
827 2290 1016 2337 afflaret.

349 2356 467 2401 Esse
497 2370 603 2402 vero
636 2356 922 2414 splendorem
954 2356 1076 2402 hunc
1105 2355 1277 2402 Volvae
1316 2357 1385 2413 (id
1416 2361 1488 2402 est
1516 2357 1686 2402 Terrae
1717 2360 1902 2419 nostrae
1933 2367 1961 2400 a
1993 2354 2097 2402 Sole
2135 2354 2438 2413 illuminatae)

174 2419 230 2465 de
259 2434 427 2477 genere
458 2422 831 2477 calefacientium,
865 2422 1134 2481 probatione
1164 2436 1252 2467 non
1285 2422 1482 2482 indiget:
1518 2437 1617 2469 cum
1648 2421 1875 2467 interdum
1905 2427 2034 2467 tanta
2065 2421 2292 2467 radiorum
2322 2419 2441 2468 Solis

177 2487 238 2531 sit
268 2487 482 2534 violentia
511 2503 595 2547 per
625 2495 857 2547 aestatem,
892 2497 942 2535 ut
972 2490 1124 2542 silvae,
1156 2494 1207 2534 ut
1237 2495 1359 2533 tecta
1388 2487 1537 2546 lignea
1569 2488 1771 2545 ardeant,
1804 2488 1984 2546 quando
2022 2488 2182 2545 vulgus
2211 2487 2439 2534 incendia-

171 2552 265 2598 rios
296 2566 398 2599 reos
441 2555 638 2611 subjicit.
698 2555 815 2611 Quid
855 2562 950 2601 tum
991 2555 1151 2613 igitur,
1195 2553 1234 2599 si
1265 2553 1593 2611 quinquaginta
1631 2554 1828 2600 millibus
1859 2555 2116 2600 milliarium
2146 2555 2278 2600 Luna
2308 2554 2441 2600 abest

173 2619 230 2664 ab
262 2620 348 2666 hoc
380 2621 546 2679 calore,
578 2637 678 2669 cum
709 2623 898 2667 remotio
930 2623 1147 2676 majorem
1169 2620 1305 2664 etiam
1338 2628 1382 2665 et
1403 2620 1538 2677 plane
1558 2621 1892 2679 hemisphaerio
1923 2623 2177 2680 proximam
2206 2622 2330 2679 globi
2350 2627 2437 2667 ter·

175 2687 333 2733 restris
363 2697 538 2745 partem
569 2690 703 2735 simul
734 2690 780 2735 in
812 2696 1104 2745 conspectum
1137 2687 1244 2732 det?

347 2755 448 2801 201.
478 2756 577 2801 Hoc
607 2769 689 2813 per
710 2769 760 2802 se
782 2767 939 2813 parum
962 2762 1045 2812 est,
1079 2755 1126 2799 in
1148 2754 1356 2812 congerie
1385 2760 1534 2801 tamen
1565 2767 1803 2800 causarum
1835 2754 1952 2800 forte
1983 2753 2152 2813 negligi
2172 2767 2260 2799 non
2285 2752 2435 2800 debet.

174 2819 290 2866 Tota
321 2821 439 2866 euim
471 2821 692 2867 diametro
723 2822 837 2867 coeli
869 2821 1026 2866 Lunae
1058 2821 1136 2866 Sol
1166 2821 1343 2880 longius
1376 2820 1508 2866 abest
1538 2835 1566 2868 a
1595 2822 1885 2867 subvolvanis
1916 2822 1963 2868 in
1994 2821 2271 2876 novivolvio,
2303 2834 2438 2879 quam

174 2900 204 2933 a
235 2888 447 2946 privolvis
477 2889 523 2933 in
556 2902 664 2934 suae
694 2888 783 2934 diei
813 2890 976 2934 medio.

351 2956 447 3001 202.
483 2956 752 3012 Conjectura
793 2962 863 3001 est
908 2955 1181 3014 probabilis,
1224 2969 1314 3000 non
1357 2954 1682 3001 demonstratio
1724 2955 1871 3013 plena.
1944 2956 2150 3002 Tradunt
2193 2955 2327 3013 periti
2371 2953 2438 2999 rei

173 3021 396 3078 nauticae,
417 3022 612 3078 majores
635 3036 736 3069 esse
756 3030 907 3068 aestus
929 3022 1065 3067 maris
1086 3022 1133 3066 in
1154 3020 1328 3077 copulis
1352 3020 1651 3077 luminarium,
1675 3023 1877 3079 quam'in
1900 3021 2098 3079 quadris.
2140 3023 2200 3067 At
2231 3027 2436 3066 aestuum

173 3088 308 3133 maris
341 3101 505 3133 causae
535 3089 743 3135 videntur
775 3102 875 3134 esse
907 3101 1101 3146 corpora
1132 3087 1250 3133 Solis
1282 3093 1328 3131 et
1358 3088 1537 3144 Lunae,
1568 3087 1797 3133 trahentia
1828 3101 1970 3145 aquas
2002 3087 2137 3133 maris
2168 3086 2209 3131 vi
2242 3086 2438 3143 quadam

174 3154 453 3212 magneticae
493 3155 638 3201 simili.
702 3156 862 3200 Trahit
901 3168 1008 3198 vero
1054 3160 1101 3199 et
1131 3167 1295 3209 corpus
1328 3152 1497 3198 Terrae
1527 3167 1666 3211 aquas
1700 3167 1830 3205 suas,
1875 3168 2009 3211 quam
2048 3166 2130 3198 nos
2169 3153 2437 3210 gravitatem

176 3219 377 3263 dicimus.
441 3219 555 3275 Quid
589 3221 777 3279 impedit
806 3221 944 3278 igitur
975 3221 1083 3277 quin
1114 3220 1333 3276 dicamus,
1373 3219 1558 3264 Terram
1591 3221 1725 3265 etiam
1756 3221 1940 3267 lunares
1971 3234 2112 3278 aquas
2143 3219 2346 3276 trahere,
2378 3218 2435 3263 si·

176 3291 254 3331 cut
282 3285 412 3330 Luna
441 3287 580 3331 trahit
611 3289 883 3334 terrestres?
926 3288 1024 3333 Hoc
1057 3287 1175 3341 dato,
1210 3287 1247 3333 si
1273 3287 1367 3343 jam
1401 3286 1472 3331 vel
1505 3291 1665 3332 coeant
1686 3287 1760 3332 Sol
1794 3294 1839 3333 et
1861 3287 2003 3332 Volva
2032 3287 2105 3332 vel
2135 3290 2435 3344 opponantur,

177 3350 449 3396 adunabitur
484 3351 682 3408 ipsarum
722 3355 789 3398 vis
826 3353 1055 3399 tractoria.
1118 3353 1229 3397 Cum
1261 3360 1410 3397 autem
1450 3352 1612 3408 juncta
1643 3366 1833 3410 corpora
1865 3353 1939 3397 diu
1969 3352 2235 3397 inhaereant
2278 3350 2437 3396 vertici

177 3416 567 3475 subvolvanorum,
599 3432 682 3464 nec
712 3420 777 3465 ita
806 3430 999 3477 propere
1031 3417 1291 3469 discedant,
1325 3423 1376 3462 ut
1406 3430 1433 3461 a
1462 3418 1689 3463 terrestris
1722 3418 1880 3463 oceani
1910 3417 2168 3471 verticibus,
2198 3415 2437 3463 videbatur

178 3482 289 3528 satis
321 3494 422 3527 esse
455 3485 671 3540 temporis
702 3485 760 3530 ad
791 3483 1032 3530 eliciendas
1066 3493 1220 3525 omnes
1253 3493 1395 3537 aquas
1428 3495 1484 3526 ex
1516 3496 1607 3528 uuo
1640 3484 1973 3541 hemisphaerio
2003 3483 2049 3528 in
2080 3481 2215 3529 aliud.
2267 3482 2436 3529 Verum

182 3549 310 3594 deest
339 3548 508 3605 aliquid
540 3550 645 3594 huic
677 3548 1020 3594 ratiocinationi.
1081 3546 1143 3592 Ut
1172 3546 1289 3591 enim
1321 3547 1407 3592 hoc
1436 3549 1541 3603 fiat,
1574 3557 1754 3605 oportet
1784 3556 1922 3595 totam
1958 3550 2116 3596 Lunae
2148 3550 2435 3608 superficiem

177 3624 334 3674 patere
363 3616 510 3662 undis.
541 3629 626 3660 nec
655 3615 828 3673 uspiam
861 3612 995 3670 objici
1025 3612 1170 3658 litora.
1216 3613 1347 3657 Nunc
1378 3621 1528 3659 autem
1561 3614 1734 3660 detexit
1764 3615 1894 3660 nobis
1916 3616 2210 3674 telescopium
2244 3625 2434 3674 montes,

179 3680 319 3726 colles
351 3689 397 3724 et
428 3680 563 3725 litora
593 3681 820 3725 immensa.
881 3680 1070 3737 Oportet
1099 3678 1235 3734 igitur
1265 3689 1504 3735 perruptos
1536 3692 1636 3724 esse
1667 3678 1769 3725 illos
1801 3680 1924 3725 velut
1955 3694 2141 3739 aggeres
2173 3681 2366 3727 vallibus
2388 3687 2435 3727 et

178 3747 315 3794 fossis
354 3754 568 3804 tanquam
612 3747 819 3793 scissuris
859 3745 1235 3805 profundissimis,
1268 3753 1318 3791 ut
1348 3753 1524 3791 tantum
1559 3759 1774 3804 aquarum
1807 3759 1863 3791 ex
1903 3758 1994 3791 uno
2025 3746 2356 3805 hemisphaerio
2386 3748 2432 3792 in

178 3814 301 3860 alind
331 3827 507 3861 rursum
548 3827 844 3872 prorsumque
874 3824 1122 3859 commeare
1161 3812 1320 3869 possit.
1382 3811 1435 3857 Id
1465 3812 1687 3871 tantisper
1717 3811 1976 3871 credamne,
2008 3811 2114 3859 dum
2146 3814 2245 3871 quis
2276 3811 2432 3872 explo-

103 3939 107 3943 ,
178 3888 302 3930 rator
331 3881 379 3928 in
407 3894 502 3927 rem
532 3889 816 3939 praesentem
849 3885 937 3927 eat.
2037 3907 2039 3909 -
