2652 4088
289 165 392 221 146
882 159 1168 208 Collectanea
1198 174 1253 205 ex
1284 158 1511 205 codicibus
1540 157 1931 205 Pulkoviensibus.

461 313 532 358 Ad
562 314 674 357 haec
705 311 986 368 Keplerus
1023 311 1277 368 respondit:
1320 309 1394 356 De
1434 308 1719 372 compendio
1758 308 2102 356 mathematico
2141 305 2272 369 quod
2317 307 2539 367 quaeriS,

287 389 445 436 minus
495 384 611 431 mihi
662 398 806 445 quam
851 383 937 430 tibi
993 381 1212 443 displicet
1249 382 1500 429 consilium
1542 381 1839 445 Dasypodii,
1894 382 1976 442 qui
2016 394 2075 428 ex
2114 379 2336 428 omnibus
2377 377 2526 425 disci-

286 460 432 523 plinis
459 456 816 504 mathematicis
841 455 1117 516 antiquitati
1146 456 1351 516 cognitis
1376 457 1731 517 propositiones
1759 454 1927 515 lingua
1963 454 2157 515 propria
2183 452 2314 511 artis,
2355 464 2529 512 graeca
2586 479 2591 483 ·

285 533 522 589 nimirum,
564 529 751 577 censuit
775 525 1132 590 proponendae.
1180 526 1304 574 Nam
1331 527 1762 575 demonstrationes
1790 525 1964 574 addere
1991 539 2084 572 non
2125 531 2199 572 est
2236 522 2525 586 compendii,

286 603 541 652 transferre
579 615 694 649 vero
734 600 1088 662 propositiones
1110 597 1174 646 ad
1213 614 1368 659 usum,
1408 602 1637 658 exercitii,
1676 613 1771 646 non
1811 600 2072 646 memoriae
2113 597 2367 645 verborum
2409 609 2528 643 con-

287 682 550 739 ceptorum.
604 674 692 721 Est
728 687 853 719 nunc
894 670 1053 719 Odera
1093 672 1394 720 Francofurti
1435 675 1482 718 in
1522 672 1744 720 manibus
1784 669 1943 719 Ursini
1986 670 2356 733 diatyposis
2394 682 2528 715 mea

287 748 665 812 systematis
704 744 1215 808 mathematiceS‚
1266 746 1315 791 in
1353 747 1677 792 minutissima
1715 744 1929 791 membra
1969 749 2144 802 sectae,
2185 750 2240 790 ut
2278 743 2526 789 materiam

290 822 517 870 exercitio
565 819 747 880 logices
797 817 1103 878 suppeditare
1143 819 1310 879 possit.
1387 817 1588 865 Tabulis
1642 822 1703 865 10
1745 817 2082 878 continuisque
2129 815 2191 863 ab
2242 829 2336 862 uno
2385 813 2528 861 titulo

286 893 634 943 bisectionibus
676 890 751 939 vel
789 891 1146 938 trisectionibus
1185 905 1270 952 per
1297 904 1463 938 omnes
1503 890 1862 951 disciplinarum
1902 888 2091 936 illarum
2129 889 2340 935 omnium
2367 893 2528 949 partes

285 966 578 1029 explicatur,
634 970 686 1011 ut
734 961 815 1010 fila
853 977 937 1025 per
974 962 1280 1010 latitudinem
1329 963 1432 1009 folii
1470 964 1655 1010 arborei
1708 961 1992 1010 ramusculis
2043 962 2143 1008 suis
2185 959 2528 1007 diffunduntur.

285 1039 396 1088 Hae
434 1037 628 1086 tabulae
669 1035 863 1083 additae
892 1035 1240 1098 Dasypodiano
1268 1037 1520 1098 systemati
1546 1034 1910 1082 mathematices
1951 1036 2296 1082 connexionem
2337 1040 2383 1080 et
2411 1046 2528 1093 cog-

285 1114 531 1160 nationem
571 1109 876 1157 ostenderent
916 1122 1095 1167 eorum,
1135 1123 1264 1170 quae
1302 1114 1414 1156 sunt
1451 1110 1500 1154 in
1539 1108 1623 1156 ilio
1662 1109 1803 1169 quasi
1834 1106 2080 1156 ‘dissoluta
2118 1113 2202 1154 aut
2229 1107 2530 1167 cognationis

286 1184 522 1247 graduum
575 1197 668 1230 non
702 1181 982 1247 manifesta.
1059 1180 1156 1231 Sed
1193 1181 1317 1242 repit
1354 1181 1475 1230 haec
1522 1185 1631 1229 mea'
1669 1186 1858 1230 textura
1908 1194 1992 1242 per
2030 1193 2195 1227 omnes
2233 1178 2530 1226 subtilitates

285 1257 604 1305 Harmonices
644 1262 691 1303 et
718 1255 971 1315 Epitomae
997 1268 1149 1312 meae,
1192 1268 1347 1315 eoque
1373 1268 1519 1316 supra
1545 1260 1739 1316 captum
1765 1266 2021 1316 puerorum
2047 1251 2324 1315 suppeditat
2361 1250 2529 1298 multa.

287 1330 448 1378 Velim
501 1336 660 1376 tamen
707 1327 768 1374 ad
818 1341 988 1390 manus
1035 1326 1286 1384 haberem,
1341 1333 1425 1380 tuo
1478 1326 1525 1372 id
1565 1327 1763 1374 arbitrio
1810 1327 2135 1388 permitterem
2182 1322 2532 1382 excudendum,

288 1405 433 1451 etiam
487 1401 547 1450 ad
587 1401 711 1449 alios
752 1414 895 1462 quam
948 1406 1135 1447 vestros
1182 1399 1412 1447 classicos
1462 1413 1607 1459 usus;
1659 1412 1770 1446 nam
1809 1395 2013 1446 Ursinus
2063 1399 2409 1460 tergiversatur
2447 1401 2532 1443 aut

285 1482 504 1537 tempora
542 1476 701 1537 ipsum
739 1479 999 1520 morantur.
1075 1471 1250 1520 Habeo
1291 1480 1338 1520 et
1375 1474 1423 1518 in
1463 1472 1685 1519 manibus
1724 1469 1884 1520 Ursini
1925 1473 2195 1519 versionem
2235 1469 2531 1533 Hypotypo-

286 1562 405 1598 scon
429 1547 588 1595 Procli
627 1547 1078 1606 astronomicarum3
1118 1543 1167 1591 id
1206 1549 1254 1593 et
1290 1545 1594 1606 antiquitatis
1634 1543 1863 1591 honorem
1904 1544 2065 1602 habet,
2107 1550 2154 1592 et
2193 1542 2528 1606 compendium

288 1626 363 1674 est
400 1622 448 1676 in
486 1619 823 1670 Ptolemaeum
863 1631 1017 1678 eoque
1057 1631 1141 1680 pro
1181 1617 1334 1668 classe
1373 1616 1615 1666 solidioris
1658 1616 1828 1679 judicii
1867 1617 1990 1665 sorte
2028 1631 2122 1677 non
2161 1615 2361 1670 malum.
2435 1613 2531 1663 Sed

285 1692 482 1742 libellus
522 1694 627 1756 ipse
665 1690 1006 1757 hypothesium
1043 1689 1327 1750 Ptolemaei,
1368 1704 1490 1752 quas
1529 1696 1638 1753 post
1667 1689 2004 1751 Almagestum
2043 1690 2248 1752 scripsit,
2290 1687 2446 1737 editus
2483 1689 2535 1734 in
2620 1678 2649 1695 ⁹

287 1764 468 1828 Anglia
506 1781 536 1818 a
574 1763 915 1824 Bainbridgio‚
970 1761 1166 1811 deberet
1203 1762 1426 1824 adjungi,
1467 1764 1508 1810 si
1549 1777 1656 1811 cum
1695 1763 1891 1812 licentia
1930 1762 2222 1826 typographi
2261 1761 2394 1809 illius
2431 1759 2535 1809 fleri

287 1844 465 1904 posset.
540 1836 669 1898 Quid
711 1850 823 1885 vero
861 1838 901 1883 si
941 1836 1042 1894 tibi,
1084 1842 1137 1883 ut
1171 1834 1320 1896 jocer,
1362 1837 1721 1884 astronomiam
1760 1850 1917 1884 meam
1959 1835 2213 1893 Lunarem‚
2253 1849 2341 1883 seu
2379 1848 2535 1897 appa-

207 1913 209 1916 ’
286 1913 550 1960 rentiarum
587 1908 867 1958 coelestium
909 1909 956 1954 in
995 1907 1136 1955 Luna
1173 1907 1464 1970 subjiciam?
1529 1906 1656 1957 Sane
1696 1910 1776 1971 qui
1816 1907 2040 1971 pellimur
2076 1907 2261 1967 Terris,
2301 1908 2534 1955 viaticum
2616 1907 2617 1912 ’

287 1984 383 2032 hoc
421 1982 658 2031 conducet
707 1981 1123 2045 peregrinantibus
1162 1988 1246 2028 aut
1285 1981 1602 2043 migrantibus
1650 1984 1698 2028 in
1737 1981 1941 2029 Lunam.
2017 1980 2074 2028 Ei
2114 1979 2280 2028 libello
2319 1979 2536 2042 adjungo
2615 1982 2620 1998 '

289 2055 603 2106 Plutarchum
655 2053 713 2103 de
752 2054 875 2103 facie
916 2053 1110 2113 Lunae,
1163 2067 1351 2102 versum
1391 2069 1421 2101 a
1457 2067 1534 2102 me
1574 2053 1633 2102 de
1670 2067 1828 2115 novo,
1869 2068 1928 2104 ex
1967 2054 2211 2118 plerisque
2249 2053 2438 2112 lacunis
2477 2066 2533 2099 ex

289 2144 435 2179 sensu
473 2129 788 2190 integratum,
829 2126 958 2190 quod
998 2125 1282 2190 Xylandm,
1323 2129 1404 2189 qui
1443 2126 1742 2191 professione
1782 2133 2086 2176 astronomus
2125 2140 2220 2175 non
2260 2133 2387 2188 erat,
2442 2127 2537 2173 im-

289 2201 522 2268 possibile
560 2201 664 2249 suit.
738 2199 829 2266 (Ex
867 2199 1018 2248 literis
1058 2198 1102 2247 d.
1144 2198 1325 2262 Sagani
1364 2205 1511 2264 postr.
1553 2199 1655 2248 Cal.
1696 2196 1839 2248 Mart.
1880 2198 2025 2263 Greg.
2067 2201 2180 2248 anni
2226 2198 2404 2262 1629.)

462 2275 742 2332 Paulo‘post
775 2275 867 2331 (29.
898 2274 1032 2331 Apr.)
1078 2275 1233 2320 scribit
1262 2274 1508 2333 Keplerus:
1553 2271 1628 2320 Ad
1656 2272 2007 2336 Tampachium
2035 2274 2144 2322 misi
2184 2272 2377 2323 tabulas
2420 2277 2445 2319 7
2476 2268 2538 2320 ad

291 2353 506 2412 systema
543 2345 938 2394 mathematicum
980 2344 1330 2406 conducentes,
1370 2351 1418 2394 et
1454 2346 1561 2393 misi
1602 2361 1661 2394 ea
1699 2346 2003 2406 conditione,
2041 2352 2096 2394 ut
2131 2347 2175 2394 si
2212 2345 2331 2395 velit
2369 2345 2539 2408 impri-

291 2426 406 2485 mat,
447 2433 648 2468 monens
686 2424 865 2478 tamen,
908 2424 959 2465 ut
997 2416 1202 2466 consilia
1240 2425 1395 2467 tecum
1437 2419 1773 2478 communicet,
1814 2420 1931 2482 quia
1969 2425 2184 2483 systema
2223 2417 2541 2482 Dasypodia-
2595 2439 2598 2447 ·

285 2508 400 2541 num
439 2507 626 2540 rursum
665 2489 1034 2554 imprimendum
1072 2492 1157 2551 sit,
1211 2497 1263 2538 ut
1301 2493 1490 2554 possint
1528 2491 1752 2554 conjungi
1793 2499 1843 2540 et
1878 2491 2255 2554 allegationibus
2304 2491 2537 2555 coaptari.

286 2568 373 2614 Die
404 2568 476 2612 22.
508 2567 619 2612 Julii
647 2565 787 2610 refert
816 2565 1041 2622 Keplerus
1072 2567 1384 2623 Berneggero,
1417 2565 1615 2611 Tabulas
1648 2580 1755 2611 suas
1785 2569 2041 2624 synopticas
2084 2567 2339 2624 systematis
2368 2566 2540 2612 mathe-

286 2633 439 2682 matici
469 2632 699 2688 accepisse
730 2631 1076 2688 Tampachium,
1119 2633 1335 2689 scribere,
1381 2646 1428 2676 se
1461 2634 1734 2691 Berneggeri
1771 2646 1902 2678 usum
1933 2633 2144 2690 consilio,
2190 2633 2247 2677 ad
2286 2645 2419 2690 quem
2445 2632 2541 2688 jam

295 2697 485 2754 scribat,
527 2696 642 2742 velle
685 2709 760 2742 eas
792 2697 1059 2752 imprimere.
1118 2696 1291 2740 Deinde
1323 2697 1365 2740 d.
1403 2699 1467 2742 16.
1500 2698 1635 2742 Febr.
1673 2698 1802 2744 1630:
1850 2696 2135 2759 Diatyposis
2164 2704 2214 2744 ut
2232 2694 2432 2760 placet?
2459 2694 2535 2742 An

292 2781 483 2828 censes,
539 2768 649 2814 usui
698 2766 906 2813 futuram
956 2765 1116 2814 studio
1154 2765 1491 2830 philosophico
1531 2767 1735 2815 vestro?
1796 2768 1900 2831 Ego
1939 2782 2033 2816 non
2073 2767 2221 2817 velim
2269 2768 2409 2817 aliter
2446 2769 2539 2815 im·
2624 2749 2629 2820 ,Α

290 2842 446 2906 primi,
489 2841 582 2887 nisi
622 2853 730 2886 cum
769 2838 1134 2902 Dasypodianis
1174 2854 1199 2887 e
1237 2842 1423 2900 graecis
1463 2839 1684 2901 adjectiS,
1723 2840 1873 2888 literis
1912 2841 2314 2906 respondentibus
2352 2841 2561 2901 utrobi-¹

291 2929 402 2977 que.
479 2913 542 2960 Et
580 2918 694 2960 tunc
732 2913 969 2959 mitterem
1010 2911 1363 2960 dedicationem
1402 2911 1696 2961 Hoefeldero
1735 2913 1961 2975 Eslingae
1999 2914 2285 2965 faciendam.
2530 2903 2537 2907 ³

465 2987 647 3033 Octobri
681 2987 874 3044 denique
906 2987 1008 3037 anni
1046 2986 1156 3032 1630
1186 2986 1341 3043 Lipsia
1371 2987 1596 3044 Keplerus
1630 2988 1774 3034 eidem
1812 2990 2021 3036 nunciat:
2061 2987 2307 3052 Synopsin
2321 2986 2539 3035 D.Bart-

292 3059 456 3108 s'chius
496 3073 633 3106 meus
672 3057 735 3105 ad
773 3072 849 3105 me
889 3056 1066 3115 retulit,
1107 3062 1350 3116 causatm,
1393 3058 1564 3106 excudi
1603 3072 1697 3106 non
1727 3073 1885 3122 posse,
1926 3062 2018 3108 nisi
2058 3063 2321 3111 etiamnum
2360 3059 2542 3116 descri-

291 3132 461 3192 batur,
519 3136 864 3196 praetereaque
916 3128 1134 3178 inutilem
1180 3129 1425 3191 juventuti
1477 3132 1568 3178 nisi
1610 3130 1916 3194 explanetur,
1964 3134 2201 3193 facturus,
2254 3134 2345 3183 nisi
2383 3132 2563 3192 fallor,
2612 3177 2621 3185 ,

291 3203 422 3252 idem
461 3203 680 3264 Euclidi‚
731 3202 928 3267 Pappo,
971 3202 1257 3266 Apolloni0,
1299 3203 1559 3262 Alhazeni,
1606 3218 1717 3254 nam
1755 3205 2015 3267 impatiens
2054 3214 2127 3255 est
2164 3207 2315 3256 lector
2353 3205 2539 3254 talium.
2573 3191 2582 3200 ’
2623 3238 2627 3241 -

291 3275 492 3338 Posset,
533 3279 575 3325 si
614 3276 782 3337 vellet,
822 3291 899 3324 me
939 3276 1140 3324 absente
1179 3275 1414 3324 excudere
1454 3278 1501 3323 in
1542 3278 1894 3341 typographeio
1934 3279 2230 3342 Saganensi,
2282 3278 2368 3328 sed
2405 3283 2539 3343 puto,
2614 3308 2618 3316 ·

293 3365 455 3401 meum
495 3355 744 3412 exspectat
780 3349 1003 3398 reditum.
2622 3350 2628 3363 ¹

469 3425 691 3482 Keplerus
725 3425 949 3480 Saganam
991 3438 1081 3469 non
1110 3424 1266 3480 rediit,
1303 3429 1445 3468 morte
1485 3424 1701 3480 abreptus
1732 3428 1988 3484 repentina,
2036 3439 2136 3473 cum
2165 3427 2240 3472 vix
2270 3423 2567 3488 advenisset,
2608 3405 2639 3468 ÷'

293 3491 569 3536 Ratisbonae
598 3490 726 3534 initio
746 3492 911 3535 mensis
933 3491 1199 3534 Novembris
1231 3503 1348 3534 anno
1386 3490 1508 3536 1630.
1560 3489 1770 3545 Tabulas,
1803 3505 1917 3548 quas
1945 3493 1991 3538 in
2011 3493 2271 3550 praemissis
2293 3493 2401 3538 dicit
2420 3490 2570 3550 Kep-'
2586 3499 2587 3502 ’

296 3557 418 3602 lerus
451 3556 722 3613 synopticaS,
755 3570 844 3601 non
878 3554 1254 3611 deprehendimus
1286 3554 1403 3598 inter
1431 3556 1736 3611 manuscripta
1756 3525 2090 3614 'Pulkoviensia
2125 3557 2204 3604 sed
2234 3558 2391 3615 multa,
2425 3567 2568 3614 quae„-
2598 3547 2634 3622 ·73

300 3622 571 3679 conscripsit
599 3623 728 3678 quasi
758 3636 1034 3679 praeparans
1068 3622 1349 3678 opuscuium.
2618 3618 2633 3635 '¹

467 3689 520 3731 In
550 3688 605 3732 iis
636 3701 751 3743 quae
782 3695 1033 3742 sequuntur
1071 3701 1275 3743 quaeque
1315 3686 1576 3743 collegimus
1607 3699 1663 3732 ex
1696 3686 1882 3733 diversis
1920 3689 2326 3745 manuscriptorum
2355 3669 2570 3732 volumi-'

297 3750 427 3797 nibus
449 3752 612 3806 partim
642 3752 776 3808 plane
807 3752 1008 3808 perfecta
1030 3757 1075 3796 et
1097 3753 1226 3806 quasi
1258 3751 1314 3795 ad
1345 3757 1499 3806 typum
1530 3758 1811 3807 praeparata,
1843 3755 2008 3809 partim
2037 3752 2317 3810 imperfecta,
2350 3750 2541 3798 elucebit
2558 3735 2588 3769 ³

298 3815 622 3874 quadamtenus
655 3830 834 3878 scopus,
868 3830 1022 3879 quem
1033 3817 1119 3863 sibi
1148 3823 1447 3874 proposuerat
1467 3815 1706 3871 Keplerus.
1750 3818 2017 3863 Addidimus
2047 3819 2232 3876 insuper
2261 3817 2375 3862 alios
2406 3829 2538 3862 cona
