2652 4088
339 167 444 226 108
1236 169 1388 215 Notae
1417 170 1462 217 J.
1494 169 1681 227 Kepleri

339 315 525 374 specula
552 313 690 372 plana
717 316 796 363 ΕΟ
828 319 874 362 et
900 316 996 375 LV,
1028 315 1087 362 ad
1118 327 1167 361 se
1198 314 1389 360 invicem
1420 328 1657 377 conversa3
1689 324 1740 365 ut
1771 319 1810 364 si
1841 318 1946 372 sint,
1978 317 2103 362 verbi
2134 330 2286 375 causa,
2317 317 2406 365 duo
2435 318 2582 365 latera

339 381 573 440 sexanguli
602 381 839 439 regularis,
868 396 961 428 uno
993 381 1247 438 interjecto.
1307 382 1372 426 Et
1404 383 1462 428 sit
1491 384 1650 432 oculus
1672 386 1730 432 O:
1763 386 2054 431 constituitur
2082 385 2222 443 igitur
2251 385 2415 444 aliquis
2445 399 2585 442 angu-

1549 449 1621 495 lus
1653 464 1681 496 a
1712 451 1890 496 duobus
1922 450 2117 508 speculis
2147 451 2227 496 ΕΟ
2259 458 2305 496 et
2334 451 2416 496 LV
2446 451 2583 502 intus,

868 508 955 550 ng·
978 505 1012 541 4.
1547 515 1594 560 id
1632 521 1701 561 est
1740 530 1897 562 versus
1929 517 2107 574 plagam
2138 517 2185 572 Ο,
2201 516 2256 572 V,
2309 516 2584 562 continuatis

1547 589 1696 628 mente
1719 584 1915 641 speculis
1938 583 1996 628 ad
2017 595 2294 628 concursum.
2321 584 2420 628 Sint
2441 582 2582 638 0,S,P

1545 648 1739 694 laterum
1770 649 2007 705 sexanguli
2038 655 2208 706 puncta
2237 650 2386 695 media
2415 654 2460 694 et
2481 662 2586 694 con-

1545 720 1787 760 nectantur
1814 716 1934 759 inter
1970 728 2043 760 se:
2089 721 2223 760 erunt
2264 716 2477 772 aequales
2509 728 2586 759 an-

1545 781 1638 838 guli
1659 781 1787 837 OSE,
1811 782 1930 832 CSP,
1949 781 2075 837 VPS,
2108 781 2239 836 LPO,
2272 786 2318 827 et
2347 781 2502 826 radius
2524 781 2586 825 vi-

1545 848 1692 892 sorius
1721 846 1791 892 OS
1821 846 2080 892 reflectetur
2109 847 2158 892 in
2188 846 2280 903 SP,
2311 846 2507 903 indeque
2539 846 2586 890 in

1544 912 1635 967 ΡΟ,
1668 914 1734 958 sic
1766 913 1924 958 oculus
1946 913 1984 958 Ο
2015 926 2064 958 se
2094 914 2242 970 ipsum
2273 912 2502 968 depictum
2520 911 2586 956 in-

1544 978 1746 1023 tuebitur
1774 979 1822 1023 in
1863 978 2048 1036 speculo
2079 979 2179 1035 ΕΟ,
2221 978 2427 1023 similiter
2465 983 2511 1023 et
2539 977 2585 1022 in

1544 1046 1729 1101 speculo
1751 1046 1846 1104 LV,
1880 1045 1987 1101 quia
2017 1045 2152 1091 etiam
2173 1045 2247 1090 ΟΡ
2278 1045 2325 1090 in
2345 1045 2416 1091 PS
2448 1051 2493 1090 et
2513 1044 2588 1090 hic

1543 1111 1589 1156 in
1620 1111 1690 1156 SO
1721 1111 1986 1157 reflectitur.

1631 1179 1823 1225 Videtur
1842 1179 1979 1235 igitur
1999 1178 2191 1224 retorsio
2221 1177 2314 1223 huc
2335 1178 2582 1223 collimare:

1542 1245 1687 1291 videri
1716 1244 1897 1290 oculum
1929 1245 1965 1291 Ο
1998 1258 2081 1302 per
2101 1245 2185 1301 OS,
2216 1258 2300 1290 nec
2330 1250 2480 1290 tamen
2512 1258 2584 1290 ae·

1543 1312 1722 1370 qualem
1762 1324 1862 1356 esse
1902 1312 2116 1368 angulum
2154 1311 2425 1357 incidentiae
2468 1310 2584 1357 ESO

1543 1377 1710 1433 angulo
1739 1376 2000 1423 reflexionis
2033 1378 2152 1423 CSP.
2214 1378 2266 1423 Id
2298 1379 2338 1423 si
2378 1377 2487 1422 velit
2516 1390 2585 1423 re-

1542 1443 1706 1500 torsio,
1746 1442 1973 1490 refutatur
2004 1458 2031 1489 a
2063 1458 2111 1490 se
2150 1444 2252 1501 ipsa
2280 1445 2326 1488 in
2357 1450 2486 1489 textu
2517 1457 2586 1488 se-

1543 1510 1718 1567 quenti.
1757 1511 1860 1555 Non
1892 1510 2063 1555 scilicet
2094 1524 2187 1555 una
2217 1510 2316 1555 sola
2340 1509 2586 1555 reflexione

1542 1576 1591 1621 in
1624 1577 1653 1622 S
1685 1576 1739 1621 fit
1769 1577 1883 1622 haec
1913 1577 2042 1634 visio,
2075 1576 2156 1622 sed
2188 1576 2364 1622 duabus
2395 1575 2426 1620 S
2457 1581 2503 1620 et
2533 1575 2584 1631 P,

1467 1645 1470 1647 ’
1544 1656 1635 1698 qua
1666 1642 1882 1688 societate
1913 1643 1978 1697 fit,
2009 1648 2060 1687 ut
2090 1642 2242 1698 anguli
2271 1647 2483 1687 maneant
2514 1654 2586 1687 ae-

1544 1708 1719 1766 quales,
1752 1714 1803 1754 ut
1831 1708 1960 1754 initio
1994 1708 2178 1754 dictum.

509 1764 579 1812 23.
613 1766 730 1813 Tota
769 1769 886 1814 enim
924 1777 1186 1830 superficies
1225 1773 1475 1833 specularis
1506 1775 1586 1819 LV
1615 1787 1697 1832 per
1735 1775 1886 1820 radios
1917 1788 1975 1820 ex
2006 1775 2070 1833 O,
2104 1774 2398 1822 circumfusos
2430 1774 2585 1820 intimo

339 1829 410 1907 OS
442 1836 487 1877 et
515 1845 808 1909 repercussos
846 1837 892 1881 in
930 1843 1112 1896 punctis
1153 1841 1433 1887 circumfusis
1474 1839 1562 1897 ipsi
1594 1841 1647 1896 S,
1688 1840 1913 1886 videbitur
1952 1841 1998 1885 in
2036 1840 2263 1898 profundo
2307 1841 2477 1899 speculi
2507 1831 2586 1886 EC

335 1909 482 1972 minor
511 1913 610 1957 ipso
643 1907 688 1947 et
719 1903 784 1949 sic
815 1905 982 1962 duplex
1014 1909 1253 1965 apparebit
1284 1907 1545 1965 superficies
1576 1906 1668 1952 ΕΟ.
1722 1908 1837 1951 Nam
1868 1907 1969 1963 ipsa
1999 1908 2177 1964 quidem
2209 1909 2286 1954 EC
2317 1908 2496 1953 videtur
2517 1921 2586 1952 ra-

336 1961 420 2007 dus
450 1962 544 2019 OE,
574 1965 647 2010 ΟΟ
680 1967 862 2015 directis
892 1972 1094 2030 nihilque
1124 1975 1286 2032 passis,
1318 1982 1366 2020 at
1394 1975 1438 2018 in
1471 1971 1570 2030 ejus
1597 1972 1826 2030 profundo
1850 1973 2076 2019 videbitur
2104 1987 2194 2019 non
2226 1975 2342 2032 ipsa,
2372 1974 2452 2020 sed
2483 1988 2586 2020 con·

334 2029 500 2075 trariae
529 2031 612 2078 LV
640 2033 786 2091 imago
817 2050 901 2094 per
931 2039 1168 2086 resi-actos.

509 2098 582 2145 24.
615 2101 731 2157 Quia
763 2117 853 2149 non
884 2105 1117 2162 speculum
1149 2113 1324 2154 tantum
1356 2107 1438 2152 LV
1468 2106 1640 2151 nudum
1672 2106 1931 2164 depingitur
1960 2106 2007 2151 in
2038 2107 2263 2164 profundo
2296 2106 2468 2164 speculi
2491 2107 2584 2163 ΕΟ,

334 2162 425 2238 sed·
446 2164 580 2210 etiam
623 2181 738 2223 quae
768 2171 815 2214 in
845 2171 966 2216 illius
999 2175 1213 2218 contrarii
1245 2174 1418 2231 speculi
1447 2173 1527 2218 LV
1557 2172 1780 2229 profundo
1822 2173 2015 2218 formata
2055 2173 2141 2217 fuit
2183 2173 2330 2228 imago
2361 2172 2517 2229 puncti
2548 2171 2586 2217 Ο

333 2227 471 2304 faciei
501 2243 871 2290 repraesentatur
902 2252 1006 2295 una,
1039 2241 1163 2286 velut
1185 2242 1230 2285 in
1251 2242 1386 2298 hujus
1408 2239 1575 2295 depicti
1606 2237 1778 2296 speculi
1807 2238 1976 2298 fundo;
2008 2245 2052 2285 et
2083 2240 2277 2285 vicissim
2309 2239 2355 2283 in
2387 2239 2466 2283 LV
2497 2252 2588 2284 una

335 2307 484 2369 imago
515 2299 734 2347 formatur
763 2317 845 2361 per
877 2304 968 2362 ΟΡ,
1000 2306 1084 2361 PS,
1118 2306 1210 2361 SO,
1258 2313 1303 2352 et
1332 2308 1381 2351 in'
1418 2306 1576 2351 eodem
1605 2305 1686 2350 LV
1717 2305 1901 2362 speculo
1942 2307 2077 2351 etiam
2119 2305 2291 2363 speculi
2322 2305 2400 2351 ΕΟ
2439 2305 2585 2362 imago
2650 2351 2652 2354 Α

334 2373 471 2419 Inque
501 2379 555 2412 eo
593 2368 800 2425 imaginis
829 2372 994 2428 prioris
1026 2385 1108 2428 per
1126 2371 1197 2418 OS
1218 2379 1264 2418 et
1280 2374 1362 2429 SP,
1395 2372 1470 2417 ΡΟ
1494 2372 1716 2418 formatae
1747 2374 1894 2429 imago
1920 2373 2016 2428 jam
2047 2373 2222 2428 iterata,
2256 2378 2302 2417 et
2332 2373 2396 2418 sic
2414 2378 2586 2417 utrum·
2649 2406 2652 2409 .

334 2431 447 2477 libet
477 2435 710 2490 speculum
744 2437 929 2483 exhibet
959 2439 1153 2495 primum
1185 2440 1316 2496 quasi
1346 2453 1374 2485 a
1405 2453 1454 2485 se
1483 2439 1647 2484 factam
1678 2438 1917 2494 imaginem
1949 2439 2190 2496 maj0rem,
2212 2438 2374 2484 deinde
2406 2445 2451 2484 et
2479 2440 2585 2483 ima·
2647 2461 2652 2476 ι

336 2498 484 2555 ginem
526 2512 582 2543 ex
622 2504 846 2549 contrario
891 2507 1077 2562 speculo
1116 2508 1350 2555 minorem.
1413 2508 1529 2564 Quin
1569 2507 1658 2551 imo
1698 2507 1737 2551 si
1776 2519 2019 2551 accenseas
2062 2506 2293 2564 imagineS,
2324 2519 2351 2550 a
2383 2504 2586 2563 quolibet
2647 2558 2652 2567 Ἰ

336 2566 520 2622 speculo
552 2566 754 2613 solitario
786 2569 1002 2618 formatas
1033 2587 1305 2631 repercussu
1335 2574 1554 2632 simplici,
1586 2574 1699 2619 fient
1730 2573 1910 2617 omnino
1943 2585 2024 2617 sex
2055 2571 2288 2630 imagines.

507 2632 577 2677 25.
611 2634 797 2680 Memini
827 2651 927 2683 cum
958 2645 1202 2698 verterem,
1243 2654 1334 2684 non
1367 2640 1631 2686 satisfacere
1668 2639 1777 2683 mihi
1807 2637 2104 2696 Xylandrum‚
2152 2638 2282 2695 cujus
2324 2638 2438 2683 haec
2479 2640 2585 2683 sunt

332 2697 490 2743 verba:
524 2700 644 2745 duae
672 2704 974 2752 exterioribus
1004 2707 1222 2752 adversae
1253 2709 1438 2753 obscure
1468 2707 1653 2752 dextras
1674 2711 1836 2764 partes
1864 2706 1915 2749 in
1945 2704 2183 2761 profundo
2214 2705 2497 2762 speculorum
2525 2702 2585 2748 si·

335 2765 586 2810 roi-atrorum
611 2775 1020 2823 repraesentantes.
1082 2772 1224 2827 Atqui
1262 2776 1416 2817 textus
1448 2783 1638 2828 graecus
1678 2770 1809 2826 plura
1848 2769 1983 2814 verba
2023 2769 2173 2815 habet.
2231 2771 2363 2815 Nunc
2393 2783 2483 2813 non
2515 2773 2584 2813 est

336 2830 394 2877 ad
424 2844 582 2876 manus
613 2845 801 2888 graecus
833 2840 1010 2892 textus,
1042 2843 1086 2884 et
1120 2838 1325 2894 suspicor
1354 2838 1562 2883 mendum
1595 2849 1695 2882 esse
1725 2836 1770 2879 in
1800 2849 1913 2881 voce
1945 2842 2215 2892 extrorsum,
2246 2835 2476 2893 Xylandro
2511 2848 2584 2880 ex·

334 2898 603 2944 tertoribus:
632 2904 684 2942 ut
713 2899 751 2944 si
780 2913 862 2957 pro
894 2905 1009 2952 δεξια
1039 2915 1276 2960 perperam
1308 2908 1429 2947 esset
1469 2915 1735 2959 expressum
1767 2900 1855 2951 ἐξω.
1918 2901 2035 2956 Quid
2066 2908 2218 2945 tamen
2238 2901 2359 2959 velit,
2391 2914 2463 2946 res
2486 2901 2585 2957 ipsa
2623 2895 2652 2963 '3

334 2964 517 3010 indicat.
577 2965 741 3019 Primo,
773 2966 811 3011 si
842 2968 942 3023 quis
974 2970 1239 3016 alterutrum
1270 2969 1506 3026 speculum
1538 2967 1788 3013 solitarium
1817 2967 2267 3025 perpendicularibus
2298 2968 2435 3012 radiis
2465 2967 2584 3010 viso·
2644 2994 2652 3026 κ..

335 3031 412 3076 riis
442 3030 655 3090 intuetur,
687 3031 828 3079 facies
859 3034 906 3078 in
936 3047 990 3081 eo
1020 3039 1391 3092 repraesentatur
1421 3035 1512 3079 situ
1543 3034 1740 3091 partium
1771 3046 1846 3090 eo,
1879 3033 1956 3089 qui
1988 3039 2057 3078 est
2087 3034 2134 3077 in
2163 3035 2285 3091 ipsa;
2333 3046 2448 3090 quae
2479 3044 2583 3090 pars
2642 3075 2652 3086 „

336 3099 454 3144 enim
482 3098 614 3144 faciei
645 3103 715 3144 est
744 3112 900 3144 versus
933 3101 1224 3157 occidentem,
1257 3105 1627 3158 repraesentatur
1647 3100 1782 3143 etiam
1801 3100 1847 3143 in
1870 3099 2043 3155 speculi
2063 3100 2200 3156 inque
2229 3099 2434 3155 imaginis
2456 3103 2585 3155 parte

337 3167 547 3223 occidua,
589 3179 707 3224 quae
738 3179 896 3212 versus
928 3166 1173 3221 orientem,
1205 3167 1253 3213 in
1284 3167 1503 3212 orientali.
1565 3166 1655 3210 Sed
1687 3166 1794 3222 quia
1823 3178 1928 3222 pars
1960 3166 2110 3212 antica
2140 3166 2272 3211 faciei
2303 3165 2507 3220 dirigitur
2537 3164 2584 3209 in
2643 3171 2652 3207 τὲ

335 3236 517 3295 plagam
548 3232 722 3290 speculi
753 3237 799 3278 et
827 3232 1034 3290 imaginis
1065 3247 1173 3291 pars
1203 3234 1354 3278 antica
1385 3233 1591 3288 dirigitur
1621 3233 1667 3276 in
1697 3232 1876 3288 plagam
1908 3233 2178 3277 contrariam
2209 3231 2359 3287 faciei,
2399 3231 2504 3274 hinc
2533 3231 2585 3275 fit

335 3309 387 3348 ut
416 3315 537 3359 pars,
571 3312 688 3357 quae
720 3299 905 3344 sinistra
935 3305 1005 3345 est
1032 3299 1180 3354 faciei,
1211 3299 1293 3344 fiat
1324 3299 1485 3343 dextra
1515 3298 1719 3354 imagini,
1763 3303 1809 3341 et
1839 3308 1955 3353 quae
1988 3297 2170 3342 sinistra
2200 3297 2285 3350 illi,
2316 3298 2397 3342 fiat
2424 3297 2584 3342 dextra
2635 3290 2651 3339 ἶ

336 3369 454 3424 huic,
487 3367 590 3424 quia
622 3365 822 3411 definitio
854 3365 1025 3411 sinistri
1055 3371 1099 3410 et
1130 3365 1278 3410 dextri
1306 3365 1492 3410 involvit
1520 3369 1776 3420 respectum
1806 3363 1982 3407 anticae
2014 3370 2058 3408 et
2089 3362 2305 3419 posticae.
2360 3362 2583 3417 Secundo,
2636 3357 2650 3420 s,

340 3435 378 3478 si
401 3435 495 3489 jam
529 3433 758 3489 duplicato
790 3431 978 3487 speculo
1010 3431 1230 3476 formatur
1269 3432 1416 3487 imago
1455 3429 1589 3475 faciei
1620 3441 1701 3484 per
1729 3428 1880 3472 radios
1912 3427 1994 3483 OS,
2029 3429 2111 3484 SP,
2145 3428 2247 3485 ΡΟ,
2286 3429 2433 3486 imago
2471 3428 2584 3473 haec

337 3502 384 3545 in
406 3501 451 3556 S,
485 3512 601 3555 quae
633 3499 829 3544 occurrit
859 3511 949 3541 una
980 3511 1081 3542 cum
1111 3497 1307 3555 imagine
1338 3497 1510 3554 speculi
1531 3496 1613 3541 LV
1644 3500 1689 3538 et
1720 3495 1851 3551 quasi
1882 3494 1927 3537 in
1958 3494 2049 3551 illa,
2081 3494 2194 3539 haec
2215 3495 2396 3552 inquam
2417 3499 2583 3551 partes,
2630 3493 2645 3538 ’;

339 3578 455 3622 quae
485 3570 590 3608 sunt
619 3565 666 3608 in
697 3564 814 3609 facie
846 3565 1044 3618 dextrae,
1074 3565 1234 3622 recipit
1263 3565 1310 3609 in
1341 3565 1460 3608 latus
1492 3563 1578 3607 sibi
1610 3575 1791 3619 quoque
1823 3562 2046 3607 dextrum.
2107 3562 2170 3605 Et
2199 3561 2269 3605 his
2302 3560 2479 3606 duobus
2511 3573 2582 3604 ca-

339 3631 463 3676 sibus
501 3630 839 3675 accommodata
880 3637 988 3674 sunt
1025 3630 1184 3686 verba,
1227 3631 1342 3675 citra
1383 3628 1790 3675 considerationem
1830 3639 1961 3671 casus
2000 3627 2146 3680 tertii,
2185 3625 2240 3670 de
2279 3639 2368 3681 quo
2408 3631 2583 3682 postea.
2630 3643 2635 3665 τ

339 3698 457 3743 Nam
488 3696 645 3741 oculus
667 3695 703 3739 O
734 3696 779 3740 in
811 3696 1009 3752 speculis
1030 3697 1124 3753 EC,
1155 3697 1236 3742 LV
1266 3696 1492 3741 inclinatis
1523 3700 1716 3751 quatuor
1745 3693 1867 3737 videt
1896 3693 2114 3748 imagines
2146 3703 2254 3735 suae
2283 3690 2437 3747 faciei;
2470 3691 2582 3735 duas
2634 3747 2635 3751 Ἰ

342 3760 522 3817 quidem
552 3761 718 3806 intuitu
750 3762 940 3818 simplici
970 3768 1094 3806 recto
1128 3762 1226 3818 (qui
1258 3776 1358 3807 esse
1387 3765 1553 3818 potest,
1586 3761 1624 3804 si
1656 3759 1840 3816 specula
1872 3759 1962 3811 ΟΕ,
1992 3758 2071 3804 VL
2103 3757 2237 3813 paulo
2269 3756 2458 3800 ulterius
2480 3768 2583 3799 con·
2628 3783 2633 3810 3

341 3828 574 3872 tinuentur
611 3840 766 3872 versus
810 3828 1208 3885 perpendiculares
1249 3828 1296 3872 in
1326 3841 1376 3872 se
1409 3839 1466 3870 ex
1497 3826 1578 3882 Ο),
1621 3824 1734 3869 duas
1773 3838 1880 3869 vero
1919 3837 2002 3880 per
2031 3824 2176 3880 ipsam
2205 3821 2583 3867 combinationem

342 3891 643 3952 speculorum,
674 3893 825 3939 visivis
855 3893 926 3940 bis
956 3893 1252 3952 repercussis,
1311 3894 1488 3940 Primae
1517 3891 1684 3948 latera,
1726 3903 1842 3948 quae
1873 3895 1979 3936 sunt
2007 3889 2141 3936 faciei
2170 3887 2372 3946 sinistra,
2412 3887 2582 3934 habent
2625 3895 2633 3960 ss
