2652 4088
856 205 918 255 11.
947 200 1174 253 Histoi-ica
1203 210 1249 253 et
1276 199 1567 264 Philologica.
2078 203 2079 206 Ἴ
2233 200 2339 267 225

46 359 399 432 juverisquc,
448 359 551 425 Jam
599 360 755 409 victor
807 364 857 408 et
905 360 1121 408 omnium
1171 358 1395 409 dominus
1445 357 1744 411 confirmare.
1819 358 1967 408 Nulla
2012 331 2161 422 igitur
2211 359 2342 411 dicta

92 448 241 482 causa
278 439 381 494 est,
437 448 523 483 cur
558 432 807 497 Josephus
845 446 999 481 annos
1039 438 1103 482 37
1144 435 1281 498 regni
1317 433 1529 483 Herodis
1568 447 1598 482 a
1638 436 1720 482 15.
1760 431 1962 482 Juliano
2014 435 2179 496 potius
2216 435 2342 484 inci-

19 514 30 551 ?
90 521 206 570 pere
246 505 485 572 debuerit,
523 520 670 571 quam
706 521 738 556 a
777 512 826 557 9.
864 505 943 555 vel
984 511 1030 555 6.

15 586 41 638 j
266 579 424 642 Caput
462 578 524 630 V.
597 556 1032 643 Transponendum
1072 593 1178 628 esse
1217 593 1418 642 regnum
1455 578 1681 640 HerodiS‚
1723 578 1830 628 vult
1865 580 2070 642 probare
2104 579 2344 645 Lydiatus

91 653 155 702 ab
195 652 387 716 eclipsi,
438 668 565 716 quae
601 655 652 702 in
688 652 899 703 Herodis
935 659 1139 702 mortem
1187 653 1370 701 incidit.
1451 650 1576 701 Nam
1626 667 1752 702 anno
1791 651 1993 702 Juliano
2036 658 2117 703 52.
2159 657 2348 703 invenit

30 726 34 728 ’
92 725 293 788 eclipsin
331 726 499 776 Lunae
537 725 806 790 plenilunio
845 727 1065 790 proximo
1116 732 1228 775 ante
1267 725 1472 789 pascha,
1525 726 1750 789 repudiat
1796 728 1944 788 igitur
1982 727 2144 788 illam,
2197 743 2345 791 quam

0 813 11 863 j
92 813 184 861 ego
223 814 282 847 ex
320 814 449 848 anno
491 805 574 849 42.
615 799 821 863 protuli,
876 802 922 847 in
964 813 1063 862 qua
1101 798 1352 847 dimidium
1392 799 1566 847 saltem
1605 798 1796 848 defecit.
1875 801 2024 863 Atqui
2063 816 2178 849 vera
2217 804 2346 851 veris

0 881 43 891 ’“
91 873 425 921 consentiunt:
465 887 611 936 supra
652 879 972 933 concesserat,
1013 887 1140 921 anno
1183 877 1265 921 51.
1295 879 1576 921 accusatum
1616 887 1722 920 esse
1749 871 1959 921 Herodis
2001 873 2150 922 filium
2185 874 2346 923 Hero-

27 953 46 1030 'i
91 944 200 995 dem
238 945 623 1009 impeditumque
649 961 710 995 ne
735 945 1030 1006 succederet,
1068 946 1148 994 hic
1180 945 1283 1007 Jam
1323 959 1450 993 anno
1489 947 1713 1008 sequenti
1753 945 1962 1004 demum,
2003 961 2069 996 sc
2100 951 2183 998 52.
2223 950 2348 998 mori

0 1051 1 1054 =
29 1045 52 1129 ἑ
85 1018 228 1082 jubet
264 1018 509 1069 Herodem
548 1034 606 1069 ex
644 1021 944 1083 praescripto
983 1017 1217 1083 eclipsis
1257 1016 1299 1067 Ο
1338 1020 1575 1082 insignem
1617 1019 1954 1068 oscitantiam!
2023 1022 2112 1078 (Nil
2142 1026 2249 1080 seq.)

1192 1098 1225 1139 ζ.

199 4031 356 4086 Rom-ri
378 4041 504 4085 Opem
525 4040 628 4079 vm.
1964 4042 2020 4088 15
