2652 4088
733 153 880 200 Notae
911 153 968 198 ad
998 152 1308 211 Appendicem
1338 151 1779 209 Selenographicam.
2310 151 2380 207 71

130 308 309 355 flamma
338 307 559 364 concepta
589 303 774 350 eliditur
811 301 1091 358 impellitque
1130 300 1383 356 globulum,
1424 313 1514 358 qua
1541 299 1580 344 is
1614 299 1767 347 obstat
1797 303 2072 364 extensioni;
2116 319 2216 352 cum
2247 308 2383 364 igitur

131 377 283 421 obstet
310 385 394 430 per
422 377 565 418 totam
593 364 919 426 longitudinem
949 366 1129 412 fistulae
1160 366 1351 424 ferreae,
1391 365 1444 411 fit
1473 379 1555 423 per
1583 359 1707 412 illam
1735 369 1972 427 impressio
2003 371 2199 416 violenta
2229 379 2380 418 extru-

131 440 269 484 sionis
299 437 569 484 rectilineae.
614 437 688 482 Sic
717 439 867 479 motus
897 433 1096 488 gravium
1128 439 1235 476 sunt
1258 432 1491 489 rectilinei,
1523 439 1572 478 ut
1603 436 1663 481 sit
1690 437 1805 483 haec
1835 439 2009 494 species
2042 439 2230 497 ordinis,
2263 440 2383 485 linea

127 506 310 562 inquam
347 511 495 557 recta,
536 501 864 561 quodammodo
903 500 1084 556 propria
1122 512 1359 555 corporum
1396 501 1593 555 gravium
1641 507 1686 547 et
1725 503 1916 547 maxime
1954 503 2068 549 lucis
2108 505 2268 563 radiis,
2305 507 2382 563 qui

130 577 236 615 sunt
264 569 406 615 veluti
436 569 662 625 quoddam
694 580 857 623 corpus
886 566 1254 621 immateriatum‚
1295 566 1414 623 quod
1445 573 1650 612 movetur
1689 568 1735 612 in
1765 569 1964 614 instanti.
2027 571 2101 616 Sic
2141 572 2381 619 testudinis

128 636 399 682 domuncula
429 636 679 681 ordinatam
717 633 855 678 habet
890 632 1079 687 figuram
1109 632 1290 689 helicis,
1330 646 1384 677 ea
1415 638 1562 677 tamen
1594 648 1684 678 non
1718 638 1787 678 est
1819 648 1846 678 a
1875 641 2025 679 mente
2056 637 2380 696 architectrice,

66 703 209 782 gad
239 717 267 748 a
297 704 566 748 necessitate
600 699 843 746 materiali:
888 699 1114 743 convolvit
1152 699 1269 743 enim
1311 711 1360 743 se
1390 700 1569 743 testudo
1601 713 1755 745 versus
1794 701 1986 745 hiemem
2018 703 2063 746 in
2094 709 2239 749 metae
2269 705 2381 755 finu-

225 802 236 823 ‚
267 771 332 814 sic
362 769 628 814 convolutae
649 765 992 823 superfunditur
1011 765 1215 809 viscosus
1245 765 1419 820 humor,
1453 767 1528 821 qui
1559 766 1845 814 indurescit
1833 785 1880 814 1n
1910 777 2106 817 crustam
2137 781 2181 818 et
2212 774 2382 819 addun-

60 841 150 855 ”
239 836 395 881 circuli
433 836 491 880 ad
528 847 763 880 numerum
802 831 1174 877 contractionum.
1246 831 1320 876 Sic
1359 832 1448 875 favi
1498 843 1631 887 apum
1678 834 1807 878 fiunt
1838 836 2073 892 sexanguli
2113 840 2383 885 necessitate

126 902 350 948 materiali
380 914 631 956 corporum,
663 899 769 943 dum
800 911 849 942 se
870 899 1040 954 stipant
1070 912 1205 955 quam
1227 899 1490 943 arctissime.
1535 899 1575 942 E
1600 900 1823 944 contrario
1854 901 2086 956 quinarius
2117 903 2164 948 in
2195 903 2383 951 floribus

128 969 384 1014 ordinatum
415 967 524 1024 quid
555 972 648 1020 est,
695 971 740 1011 et
770 966 875 1022 quia
905 965 1062 1022 nequit
1091 977 1192 1009 esse
1223 977 1250 1008 a
1280 964 1486 1014 materia,
1519 965 1714 1009 refertur
1743 965 1881 1022 igitur
1912 968 1970 1012 ad
2000 968 2261 1015 facultatem
2292 971 2382 1016 for-

127 1036 378 1090 matricem,
414 1033 589 1080 numeri
621 1038 666 1077 et
696 1032 760 1076 sic
790 1032 978 1076 rationis
1016 1030 1344 1086 quodammodo
1375 1030 1654 1087 participem.
1716 1033 1955 1089 Disputavi
1992 1034 2047 1078 de
2077 1035 2163 1080 hac
2193 1039 2384 1084 materia

126 1102 172 1146 in
202 1101 280 1146 lib.
314 1098 372 1146 de
401 1097 543 1144 Stella
561 1099 691 1144 Nova
712 1110 809 1154 cap.
833 1097 898 1143 26.
935 1102 980 1141 et
999 1098 1069 1155 27,
1102 1110 1158 1141 an
1190 1099 1348 1141 crebra
1377 1097 1620 1142 multarum
1649 1110 1799 1142 rerum
1832 1101 2142 1147 convenientia
2172 1103 2218 1147 in
2249 1118 2382 1149 unam

127 1166 357 1211 decentem
387 1163 550 1208 seriem
579 1163 724 1220 possit
754 1162 878 1207 casui
909 1175 1044 1207 caeco
1075 1162 1349 1207 transscribi.

298 1231 485 1276 XXVII.
517 1229 811 1287 Apparentia.
874 1228 1100 1273 Cavitates
1139 1228 1243 1272 illae
1288 1228 1530 1285 depressae
1560 1229 1606 1273 in
1637 1230 1794 1274 Lunae
1835 1233 2037 1278 maculas
2080 1239 2185 1279 sunt
2225 1243 2384 1283 exacte

129 1293 363 1354 rotundae,
396 1302 614 1353 quantum
645 1294 788 1340 oculis
820 1294 1039 1350 consequi
1067 1307 1332 1350 possumus,
1364 1308 1454 1339 non
1486 1301 1592 1340 sunt
1622 1301 1771 1340 tamen
1804 1312 1960 1344 omnes
1991 1301 2168 1358 aequali
2200 1303 2384 1349 ambitu.

127 1363 217 1409 Est
244 1362 321 1408 ubi
353 1363 486 1406 etiam
519 1361 628 1406 ordo
659 1360 842 1418 quidam
875 1359 1182 1416 dispositionis
1216 1373 1383 1418 earum,
1415 1360 1536 1404 velut
1566 1362 1613 1406 in
1644 1362 1954 1418 quincuncem,
1990 1371 2190 1421 apparet.

299 1427 507 1472 XXVIII.
544 1426 591 1471 Si
621 1425 900 1482 applicemus
933 1426 1111 1470 axioma
1141 1426 1438 1482 praemissum
1461 1427 1518 1471 ad
1540 1426 1622 1470 has
1645 1428 1950 1484 apparentias,
1982 1438 2227 1478 nascentur
2252 1434 2384 1479 nobis

130 1493 443 1538 conclusiones
474 1493 610 1537 istae:
651 1493 696 1536 in
729 1494 987 1536 universum
1017 1493 1196 1549 quidem
1226 1493 1270 1537 in
1305 1493 1541 1550 superficie
1571 1494 1742 1537 lunaris
1773 1494 1914 1551 globi,
1954 1497 2103 1552 quoad
2143 1495 2385 1544 mixturam

126 1559 322 1618 partium
352 1558 543 1603 altarum
575 1564 620 1602 et
651 1558 988 1615 depressarum,
1030 1572 1185 1604 casum
1216 1565 1261 1603 et
1291 1560 1609 1604 necessitatem
1639 1560 1917 1604 materialem
1949 1561 2188 1621 dominari,
2228 1564 2386 1610 abradi

126 1632 292 1670 terram
322 1637 350 1669 a
377 1625 515 1668 costis
547 1624 855 1668 subterraneis
887 1625 1077 1678 saxosis,
1121 1624 1211 1669 elui
1242 1625 1396 1681 valles,
1429 1629 1479 1668 ut
1509 1630 1689 1670 exstent
1710 1631 1900 1683 montes,
1932 1628 2077 1674 undas
2110 1629 2308 1675 defluere
2337 1631 2386 1676 in

126 1692 331 1748 regiones
364 1692 626 1747 depressa8‚
669 1689 855 1735 maculis
887 1691 1149 1748 insignitas,
1194 1691 1346 1748 ibique
1375 1692 1422 1736 in
1453 1689 1750 1746 aequilibrum
1793 1691 1972 1749 disponi
2011 1695 2114 1739 nisu
2155 1695 2384 1741 rectilineo

126 1758 323 1816 partium
354 1757 552 1801 omnium
582 1769 738 1800 versus
769 1756 887 1800 idem
919 1764 1122 1802 centrum
1155 1756 1279 1813 globi
1317 1756 1510 1810 lunaris;
1554 1764 1601 1801 at
1630 1757 1677 1800 in
1707 1757 1913 1813 partibus
1942 1760 2100 1804 Lunae
2141 1761 2384 1807 maculosis

126 1825 314 1882 figuram
344 1826 585 1869 cavitatum
625 1829 784 1868 exacte
824 1822 1061 1867 rotundam
1107 1829 1153 1869 et
1183 1823 1521 1880 dispositionem
1557 1837 1710 1868 earum
1751 1836 1831 1868 seu
1861 1825 2204 1870 interstitiorum
2243 1841 2384 1884 quan-

127 1890 230 1935 dam
259 1889 578 1946 aequalitatem
617 1895 717 1934 esse
755 1889 976 1935 factitium
1021 1890 1128 1947 quid
1169 1897 1214 1934 et
1246 1889 1302 1934 ab
1334 1889 1485 1945 aliqua
1522 1896 1672 1934 mente
1714 1890 2037 1935 architectrice.
2100 1892 2203 1936 Non
2234 1899 2386 1949 potest

127 1959 246 2004 enim
275 1957 353 2002 illa
385 1956 617 2000 excavatio
659 1960 820 2012 sponte
863 1957 908 2000 in
949 1955 1104 2001 circuli
1144 1954 1333 1999 formam
1372 1954 1472 1999 fieri
1509 1956 1566 2000 ab
1610 1955 1702 2000 ullo
1741 1962 1868 2000 motu
1907 1957 2251 2012 elementorum,
2295 1959 2384 2004 nisi

127 2022 314 2079 dixeris,
357 2022 639 2079 superficiem
671 2022 828 2066 Lunae
867 2023 1103 2066 instratam
1143 2035 1243 2066 esse
1285 2034 1422 2066 arena
1453 2023 1804 2077 profundissima
1841 2023 2056 2079 factoque
2086 2025 2307 2069 foramine
2335 2026 2382 2070 in

127 2089 281 2139 fundo,
313 2088 397 2133 sub
428 2095 583 2134 crusta
615 2101 717 2146 esse
747 2088 897 2133 locum
927 2101 1132 2142 vacuum,
1161 2088 1207 2131 in
1240 2101 1373 2143 quem
1407 2100 1544 2131 arena
1576 2087 1759 2135 defluat.
1821 2089 1921 2134 Hoc
1954 2104 2042 2146 quo
2074 2091 2220 2135 minus
2243 2092 2384 2136 statui

127 2155 291 2212 possit,
329 2155 517 2212 impedit
546 2155 671 2201 ΧΧΙ.
730 2155 904 2199 Humor
935 2155 1053 2199 euim
1083 2154 1257 2199 obtinet
1285 2153 1388 2198 illas
1431 2160 1585 2210 partes
1617 2160 1753 2211 atque
1784 2155 1822 2199 is
1856 2155 1962 2200 data
1999 2161 2132 2212 porta
2163 2156 2383 2202 deflueret

124 2230 367 2279 partesque
406 2221 505 2266 illas
539 2221 811 2278 denudaret,
851 2226 903 2266 ut
933 2234 989 2264 ex
1028 2220 1273 2265 maculosis
1315 2220 1479 2264 fierent
1519 2220 1770 2265 albicantes
1813 2226 1858 2265 et
1900 2220 2177 2278 splendidae.
2239 2223 2384 2268 Multo

124 2287 271 2332 minus
303 2292 456 2343 potest
487 2286 724 2343 dispositio
756 2285 952 2343 plurium
983 2287 1103 2331 inter
1133 2300 1182 2331 se
1213 2286 1487 2331 macularum
1522 2300 1622 2331 esse
1653 2300 1680 2330 a
1711 2291 1837 2330 motu
1870 2286 2210 2332 elementorum.

296 2351 464 2397 XXIX.
498 2353 570 2396 Ex
601 2353 851 2409 praemissa
882 2354 1241 2398 concludendum
1272 2352 1467 2408 videtur,
1511 2353 1557 2396 in
1587 2352 1719 2396 Luna
1752 2358 1984 2396 creaturas
2029 2365 2129 2397 esse
2170 2354 2385 2411 viventes,

121 2417 315 2463 rationis
348 2417 406 2462 ad
437 2416 643 2462 ordinata
673 2417 760 2461 ista
790 2416 997 2463 facienda
1029 2431 1233 2475 capaceS,
1267 2429 1506 2474 corporum
1537 2431 1642 2463 vero
1674 2418 1792 2463 mole
1821 2418 2050 2475 praeditas
2082 2433 2175 2464 non
2206 2433 2384 2478 compa-

129 2483 271 2528 randa
300 2483 527 2528 montibus
557 2483 660 2541 illis,
694 2490 745 2528 ut
777 2497 833 2528 ex
865 2486 1026 2542 quibus
1060 2486 1170 2530 ordo
1202 2485 1353 2530 nullus
1386 2485 1546 2530 elucet.
1591 2483 1666 2529 Sic
1697 2483 1814 2528 enim
1847 2490 1891 2527 et
1913 2484 2118 2529 homines
2149 2485 2196 2529 in
2218 2487 2386 2531 Terrae

129 2549 369 2609 superficie
398 2556 576 2595 montes
609 2550 788 2608 quidem
819 2558 865 2596 et
895 2551 1034 2596 maria
1066 2566 1156 2597 non
1187 2551 1361 2597 faciunt
1392 2551 1503 2608 (rari
1535 2550 1652 2594 enim
1684 2550 1884 2594 existunt
1915 2550 2104 2605 Xerxes,
2135 2551 2223 2595 rari
2244 2551 2384 2597 Nero-

126 2630 230 2673 nes,
273 2630 327 2662 ac
356 2628 440 2661 nec
470 2617 629 2661 horum
663 2629 802 2674 opera
832 2619 1135 2676 comparanda
1169 2624 1274 2663 sunt
1303 2631 1403 2664 cum
1434 2616 1717 2662 naturalibus
1748 2616 1966 2661 montium
1999 2622 2044 2661 et
2073 2617 2305 2674 marium),
2338 2624 2386 2663 at

126 2682 300 2727 faciunt
329 2683 376 2727 in
409 2695 462 2727 ea
492 2684 628 2728 urbes
661 2690 706 2727 et
737 2685 939 2742 castella,
971 2686 1016 2729 in
1049 2684 1212 2740 quibus
1245 2683 1450 2728 ordinem
1480 2688 1526 2726 et
1557 2686 1699 2726 artem
1720 2681 1826 2725 licet
1848 2695 2109 2738 agnoscere.
2161 2683 2386 2740 Equidem

125 2749 183 2794 ob
215 2749 260 2793 id
290 2749 438 2806 ipsum
468 2750 729 2806 superficies
762 2750 996 2807 globorum
1027 2751 1207 2795 videtur
1236 2749 1458 2806 permissa
1488 2760 1624 2794 coeco
1657 2747 1794 2802 casui,
1827 2752 1878 2792 ut
1906 2748 1952 2792 in
1985 2762 2038 2793 ea
2070 2749 2317 2795 ordinanda
2339 2754 2385 2795 et

126 2815 329 2861 ornanda
358 2829 441 2873 per
469 2823 622 2873 partes
652 2816 779 2862 locus
811 2823 934 2862 esset
963 2816 1179 2862 exercitio
1209 2815 1413 2860 rationis.

295 2881 440 2926 XXX.
473 2882 763 2939 Apparentia.
817 2882 864 2926 Si
894 2882 1110 2927 cavitates
1141 2879 1403 2937 hujusmodi
1434 2879 1695 2936 diligentius
1726 2879 1965 2937 intuearis,
1999 2880 2133 2926 ducta
2163 2894 2245 2938 per
2275 2881 2383 2926 ima·

124 2946 398 3004 ginationem
427 2947 548 2991 linea
578 2953 704 2993 recta
732 2961 789 2993 ex
821 2948 926 2993 Sole
957 2959 1039 3004 per
1071 2946 1277 2992 cavitatis
1309 2952 1534 3002 centrum,
1568 2959 1648 2990 sex
1681 2953 1924 2992 occurrunt
1953 2949 1998 2992 in
2031 2961 2083 2994 ea
2115 2947 2385 3014 discrimina

124 3012 241 3056 trina
271 3012 384 3057 lucis
414 3013 695 3069 totidemque
725 3015 932 3069 umbrae3
965 3014 1096 3069 quasi
1127 3013 1296 3058 cavitas
1328 3013 1386 3058 sit
1416 3013 1535 3057 intra
1567 3013 1827 3069 cavitatem,
1868 3013 2051 3071 majoris
2084 3014 2200 3058 enim
2234 3019 2279 3058 et
2308 3025 2384 3058 ex-

123 3079 302 3123 terioris
332 3079 544 3125 umbrosa
575 3093 680 3136 pars
713 3080 848 3125 dorso
880 3092 1036 3126 versus
1060 3079 1211 3124 Solem
1242 3084 1312 3123 est
1342 3084 1539 3134 curvata,
1572 3078 1724 3124 lucida
1758 3092 1864 3124 vero
1897 3093 2064 3125 cornua
2085 3074 2263 3136 quidem
2286 3093 2382 3125 ver-

125 3157 202 3189 sus
233 3142 383 3189 Solem
423 3151 469 3188 et
498 3146 755 3190 umbrosam
797 3151 972 3203 partem
1013 3146 1253 3198 convertit,
1297 3151 1581 3191 curvaturam
1626 3158 1732 3190 vero
1771 3159 1797 3190 a
1831 3147 1933 3191 Sole
1974 3147 2148 3190 avertit.
2210 3146 2383 3190 Eadem

125 3210 299 3266 species
330 3215 520 3266 apparet
547 3210 592 3253 in
626 3210 782 3255 intimo
816 3211 1022 3256 cavitatis
1053 3212 1280 3256 interioris
1312 3216 1555 3268 angustae,
1598 3216 1645 3257 at
1676 3223 1773 3255 eam
1807 3211 2005 3256 exterius
2042 3225 2200 3255 versus
2233 3211 2383 3256 Solem

123 3276 276 3320 lumen
308 3287 444 3319 curvo
477 3274 612 3319 dorso
645 3275 740 3320 Soli
772 3278 963 3322 obverso
996 3278 1144 3332 vestit,
1178 3290 1234 3321 ex
1267 3277 1477 3334 opposito
1510 3278 1681 3329 umbra,
1714 3276 1927 3321 cornibus
1959 3277 2015 3321 ad
2048 3275 2195 3321 Solem
2227 3276 2382 3322 versis.

126 3342 190 3387 Et
220 3341 340 3384 circa
368 3340 554 3385 limbum
584 3341 765 3397 quidem
798 3345 1012 3388 extimum
1044 3343 1269 3399 reperitur
1300 3344 1454 3399 aliqua
1485 3342 1735 3387 diversitas.
1778 3341 1829 3385 In
1852 3342 1950 3385 aliis
1974 3341 2091 3385 enim
2114 3341 2381 3388 cavitatibus

124 3406 291 3453 limbus
320 3406 395 3452 hic
426 3420 516 3451 non
548 3415 617 3452 est
650 3409 901 3452 evidentior
932 3421 1079 3463 neque
1111 3409 1273 3453 clarior
1295 3409 1519 3453 exteriore
1541 3408 1737 3464 regione,
1770 3419 1903 3463 quam
1926 3407 1981 3450 ad
2005 3407 2161 3452 Lunae
2182 3407 2381 3453 maculas

127 3474 355 3532 pertinere
387 3473 493 3527 dixi,
529 3474 772 3529 statimque
803 3474 861 3517 ab
891 3473 970 3517 illo
991 3473 1133 3529 gradu
1154 3473 1282 3530 lucis,
1316 3487 1404 3529 quo
1436 3474 1609 3528 fulgent
1641 3474 1857 3528 maculae,
1890 3474 2047 3531 incipit
2075 3473 2261 3532 nigredo
2284 3487 2381 3519 cur-

127 3547 255 3592 vata,
288 3545 334 3584 et
363 3551 419 3583 ex
450 3538 584 3596 plaga
614 3539 732 3585 Solis
765 3538 1012 3593 contraria,
1054 3544 1159 3594 post
1190 3537 1375 3582 densam
1406 3538 1551 3583 lucem
1582 3538 1788 3595 parietis,
1830 3539 1904 3596 qui
1938 3539 2055 3584 Solis
2086 3539 2224 3585 radiis
2254 3545 2381 3586 recta

130 3606 359 3663 objicitur,
391 3605 592 3651 succedit
621 3605 840 3650 claritudo
871 3602 1038 3659 minor,
1080 3603 1291 3647 continua
1322 3615 1404 3658 per
1433 3604 1660 3660 regionem
1691 3604 1978 3648 maculosam.
2040 3605 2092 3650 In
2123 3601 2379 3654 aliisvicisss

130 3672 211 3716 sim
242 3671 403 3715 limbus
444 3671 639 3716 extimus
679 3681 836 3715 versus
869 3667 1019 3712 Solem
1050 3667 1230 3723 quidem
1270 3668 1475 3712 amicitur
1515 3670 1636 3713 tenui
1666 3670 1785 3715 linea
1823 3669 1937 3715 lucis
1975 3670 2272 3727 clarissimae,
2320 3685 2377 3717 ex

131 3738 341 3795 opposito
371 3749 478 3781 vero
511 3736 627 3780 Solis
658 3736 785 3781 tenui
814 3734 932 3779 linea
961 3733 1158 3790 umbrae,
1191 3745 1306 3789 quae
1336 3733 1519 3778 limbum
1552 3747 1578 3777 a
1607 3736 1789 3790 regione
1820 3735 1996 3793 reliqua
2027 3736 2319 3785 discriminat.

301 3801 463 3847 XXXI.
496 3801 612 3846 Hinc
643 3802 995 3854 demonstratur,
1035 3814 1090 3845 ex
1123 3799 1259 3845 fundo
1292 3799 1471 3857 quidem
1504 3799 1708 3846 cavitatis
1739 3814 1980 3858 exsurgere
2017 3803 2191 3862 collem,
2225 3805 2302 3862 qui
2332 3804 2378 3850 in

131 3867 277 3914 medio
307 3867 431 3914 velut
463 3867 671 3914 umbilico
703 3868 866 3914 iterum
896 3868 955 3914 sit
984 3868 1030 3914 in
1061 3867 1267 3913 lacunam
1299 3867 1553 3925 depressus,
1588 3873 1638 3912 ut
1663 3867 1757 3925 jam
1788 3881 1906 3914 anno
1943 3869 2053 3916 1625
2083 3870 2130 3915 in
2151 3871 2376 3929 Hyperas-
