2652 4088
562 899 1188 1017 <mmmm
1247 899 1922 1046 &emm

128 1183 134 1189 ¹
253 1100 447 1172 QUAE
496 1101 637 1161 VOL
659 1101 855 1162 UMEN
900 1100 1032 1161 VIII.
1081 1099 1273 1162 PARS
1320 1102 1358 1162 I.
1408 1102 1765 1163 CONTINET
1811 1103 2223 1165 DISPOSITIO.

2260 1302 2368 1336 Folio

138 1361 183 1407 1.
216 1359 404 1405 Bericht
433 1373 521 1405 von
551 1359 639 1405 den
669 1358 1005 1404 Finsternissen
1037 1359 1118 1405 der
1147 1358 1290 1405 Jahre
1323 1359 1449 1406 1620.
1486 1360 1611 1407 1621.
1696 1393 2223 1408 ........
2341 1362 2368 1406 3

138 1433 180 1478 2.
214 1433 445 1478 Somnium
474 1445 558 1478 seu
586 1433 656 1478 De
687 1431 980 1477 Astronomia
1007 1432 1179 1477 Lunari
1252 1465 2219 1482 ..............
2311 1435 2365 1480 21

455 1506 604 1552 Not-ae
633 1504 821 1563 Kepleri
867 1537 2220 1555 ...................
2313 1508 2372 1553 40

451 1579 696 1636 Appendix
728 1578 1044 1636 Geographica
1073 1579 1131 1624 ad
1163 1578 1408 1624 Guldinum
1469 1613 2224 1628 ...........
2315 1581 2370 1626 67

135 1655 178 1702 3.
209 1651 443 1699 Plutarchi
472 1651 655 1698 libellus
686 1652 742 1698 de
772 1651 890 1698 facie
925 1653 973 1697 in
1002 1653 1147 1711 Luna,
1178 1652 1316 1699 latine
1346 1653 1548 1699 redditus
1632 1688 2226 1703 .........
2315 1657 2374 1703 76

452 1726 600 1774 Notae
629 1725 814 1784 Kepleri
893 1759 2225 1776 ...................
2289 1731 2375 1776 104

132 1802 178 1849 4.
206 1800 472 1847 Unterricht
500 1814 602 1845 vom
632 1800 687 1845 H.
720 1801 983 1846 sacrament
1014 1802 1094 1847 des
1123 1801 1261 1849 Leibs
1291 1801 1384 1848 und
1412 1801 1546 1848 Bluts
1578 1802 1690 1847 Jesu
1722 1801 1891 1847 Christi
1923 1835 2225 1849 .....
2286 1803 2373 1848 124

135 1875 178 1920 5.
206 1873 371 1932 Elegia
401 1872 458 1918 de
486 1873 659 1930 nuptiis
688 1873 956 1920 Huldenrici
1020 1907 2224 1924 .................
2287 1876 2375 1923 130

134 1945 178 1991 6.
208 1945 381 1991 Lessus
410 1945 458 1989 in
486 1944 647 1991 funere
677 1946 832 2004 Holpii
872 1981 2226 1996 ...................
2292 1947 2372 1995 135

133 2020 175 2064 7.
205 2018 515 2075 Dialogismus
547 2019 604 2065 de
634 2019 805 2065 funere
823 2021 1038 2066 Heilandi
1089 2053 2004 2068 .............
2042 2038 2076 2064 -.
2139 2057 2150 2067 .
2214 2057 2224 2067 .
2285 2022 2374 2066 137

136 2092 178 2138 8.
210 2091 373 2148 Elegia
402 2092 448 2137 in
480 2093 653 2138 obitum
683 2093 912 2151 Tychonis
942 2094 1094 2139 Brahe
1168 2126 2220 2142 ...............
2284 2083 2371 2141 ’138

131 2166 176 2210 9.
210 2161 500 2211 collectanea
531 2179 588 2210 ex
621 2166 863 2213 Codicibus
893 2167 1294 2214 Pulkoviensibus.

360 2240 405 2285 1.
437 2238 755 2285 Institutiones
785 2239 1139 2286 Mathematicae
1171 2273 2230 2288 ...............
2291 2240 2373 2286 145

359 2312 401 2357 2.
435 2312 757 2369 Inquisitiones
787 2303 1113 2361 Arithmeticae
1174 2345 2221 2362 ...............
2288 2312 2367 2358 161

358 2385 399 2430 3.
431 2384 830 2444 Logarithmorum
859 2387 1024 2434 Praxis
1103 2422 1488 2436 ......
1547 2446 1551 2448 -
1552 2420 2225 2435 ..........
2285 2387 2374 2434 170

358 2458 402 2503 4.
433 2458 752 2506 Institutiones
785 2459 1096 2508 Geometricae
1156 2494 2222 2509 ...............
2288 2462 2371 2506 175

357 2532 396 2575 5.
430 2531 502 2576 De
533 2531 698 2578 Genesi
727 2534 1093 2591 Magnitudinum
1168 2567 2221 2584 ...............
2289 2534 2371 2580 186
2405 2556 2409 2558 -

355 2603 400 2650 6.
431 2604 763 2652 Annotationes
795 2607 840 2651 in
873 2608 1079 2654 Tacitum
1099 2642 2216 2658 ................
2279 2609 2368 2653 199

357 2676 402 2723 7.
436 2677 598 2724 Versio
629 2678 732 2724 libri
762 2680 794 2725 L
830 2680 1040 2727 Caesaris
1068 2682 1128 2727 de
1157 2682 1288 2728 Bello
1321 2682 1495 2730 Gallico
1539 2716 2222 2731 ..........
2283 2680 2373 2727 205

0 2795 2 2804 ,
47 2800 49 2803 .
355 2749 398 2795 8.
430 2751 501 2795 De
531 2751 701 2798 Rerum
732 2753 1038 2800 Romanarum
1070 2754 1252 2813 Origine
1320 2788 2223 2805 .............
2284 2755 2367 2801 211

0 2835 7 2898 γ’,
44 2834 67 2903 33
355 2824 396 2869 9.
435 2823 589 2871 Oratio
620 2826 667 2870 in
701 2826 888 2872 Obitum
918 2829 995 2876 W.
1026 2827 1234 2887 Joergeri
1252 2861 2222 2879 ..............
2281 2827 2367 2874 212

0 2886 8 2915 '
31 2907 72 2958 ft
330 2897 401 2943 10.
435 2896 596 2943 Studia
626 2899 949 2957 chronologica
1011 2934 2215 2952 .................
2276 2899 2363 2945 214

0 2964 1 2981 *
327 2972 399 3017 11.
434 2971 503 3017 De
533 2972 716 3030 Lydiati
747 2973 967 3020 Tractatu
998 2975 1055 3020 de
1086 2977 1221 3022 variis
1252 2977 1374 3023 Anni
1405 2977 1560 3025 formis
1612 3008 2240 3024 ..........
2286 2974 2373 3020 220

334 3044 407 3090 12.
439 3044 601 3089 Studia
631 3048 935 3093 astronomica
964 3049 1090 3094 varia
1167 3083 2221 3100 ...............
2282 3046 2370 3093 226

334 3116 405 3165 13.
434 3118 505 3163 De
536 3121 668 3164 Anno
701 3121 907 3166 Romano
956 3155 2222 3173 ..................
2284 3122 2371 3168 268

331 3190 401 3236 14.
432 3191 583 3237 Notae
613 3191 672 3237 ad
705 3192 923 3252 Scaligeri
953 3195 1204 3243 Diatribam
1234 3197 1290 3244 de
1321 3199 1634 3259 Aequinoctiis
1692 3229 2075 3246 ......
2136 3229 2151 3247 ,.
2212 3229 2222 3241 .
2283 3195 2368 3241 273

336 3264 406 3311 15.
436 3264 727 3323 Astrologica

625 3341 814 3399 Kepleri
843 3344 1069 3391 Nativitas
1100 3359 1128 3392 a
1157 3346 1215 3394 Η.
1249 3345 1438 3392 Βὸεἱίιιο
1471 3346 1640 3404 scripta
1698 3375 2224 3393 ........
2285 3341 2383 3387 294,

623 3415 680 3461 de
711 3417 1048 3462 Directionibus
1103 3448 2217 3467 ................
2282 3415 2367 3462 295

24 3520 48 3574 a
631 3489 863 3535 Judicium
894 3489 951 3536 de
979 3490 1276 3547 Prognostico
1309 3492 1478 3537 Sutorii
1539 3525 1551 3538 .
1611 3525 1623 3538 .
1687 3525 1700 3539 .
1732 3499 1736 3504 ’
1761 3526 1771 3537 .
1835 3526 1848 3539 .
1912 3524 1937 3545 .,
1986 3523 1998 3536 .
2060 3525 2071 3537 .
2133 3524 2146 3538 .
2208 3526 2218 3538 .
2281 3489 2368 3536 300

34 3580 51 3604 ι
627 3561 915 3619 Prognostici
947 3563 993 3607 in
1023 3565 1203 3615 Annum
1239 3564 1347 3610 1604
1379 3563 1677 3621 fragmentum
1754 3597 2220 3613 .......
2283 3563 2366 3611 321

29 3602 73 3755 ἱῗ
627 3634 899 3682 nativitates
929 3634 1045 3693 Imp.
1074 3635 1317 3694 Rudolphi,
1348 3636 1542 3693 Augusti
1572 3643 1644 3683 etc
1648 3669 2224 3684 .........
2285 3635 2370 3680 327

14 3711 15 3717 ’
53 3750 77 3765 .-
630 3706 949 3754 Wallenstenii
978 3706 1202 3755 Nativitas
1251 3742 2226 3759 ..............
2285 3708 2369 3755 343

31 3765 79 3832 ..”’
114 3784 184 3829 10.
214 3782 441 3831 Judicium
468 3780 630 3830 Matris
661 3779 849 3839 Kepleri
879 3814 2223 3834 ...................
2285 3782 2369 3834 359

39 3828 60 3864 (ι
