2652 4088
1037 160 1116 207 111.
1146 158 1479 207 Astronomica.
2274 158 2382 217 275

305 311 573 377 Keplerus:
612 310 752 363 Haec
776 315 924 362 certa.
988 309 1055 359 At
1079 324 1177 359 non
1212 308 1324 359 ideo
1362 309 1605 372 sequitur,
1640 307 1746 371 jam
1770 304 1973 357 Homeri
2010 311 2228 374 tempore
2265 324 2383 361 coe-

131 384 232 434 lum
270 385 420 437 fuisse
458 386 670 436 divisum
706 387 757 433 in
797 389 862 434 12
900 389 1065 447 partes
1103 382 1349 446 aequaleS,
1386 387 1576 446 partem
1612 382 1664 430 in
1690 377 1784 430 30⁰
1819 386 1874 429 ut
1909 380 2071 444 hodie,
2111 387 2160 433 et
2187 382 2384 448 quidem

132 459 195 507 ob
234 461 560 522 aequinoctia,
598 459 695 508 nisi
730 458 951 523 pluribus
991 456 1292 506 documentis
1330 454 1558 504 fulciatur
1596 454 1890 518 conjectura.

306 535 564 592 Scaliger
592 551 635 593 p.
670 535 736 581 12.
797 533 876 578 Sin
908 536 1061 577 autem
1091 530 1481 587 aequinoctiorum
1514 534 1559 574 et
1580 529 1875 575 solstitiorum
1895 530 2119 577 rationem
2148 532 2383 592 habemuS,

130 611 280 656 neque
308 600 511 656 ipsorum
542 599 813 658 cognitionis
843 602 1055 654 expertes
1087 595 1285 641 fuerunt.
1335 596 1454 643 Nam
1474 595 1781 642 vetustissima
1809 595 1896 641 fuit
1923 596 2003 642 illa
2033 598 2185 655 opinio
2217 603 2386 646 etcum

129 667 244 725 ipsis
274 665 616 724 Olympiadibus
645 669 769 721 nota,
800 661 1046 708 solstitium
1077 660 1293 705 committi
1323 661 1370 705 in
1401 665 1560 706 octava
1588 666 1718 719 parte
1750 661 1924 710 Cancri.

303 737 436 786 Sane
485 734 733 783 Hesiodus
782 734 1001 783 meminit
1038 732 1201 797 ἦματα
1239 728 1516 795 δ’ἑξηκοντα
1550 751 1672 793 μετα
1709 751 1893 799 τροπας
1937 731 2135 798 ἦελιοιο.
2195 734 2256 783 Id
2292 735 2384 785 sub

131 811 393 862 Salomone
440 806 708 857 secundum
745 806 1005 870 quosdam,
1056 805 1115 854 de
1155 819 1252 868 quo
1291 819 1389 853 non
1438 805 1664 868 refertur,
1718 805 1850 869 quod
1899 807 2122 857 calluerit
2159 814 2386 858 astrono-

135 886 300 934 miam.
378 881 480 930 Alii
518 882 609 929 sub
647 881 847 929 Esaiam
885 879 1021 927 illum
1058 878 1286 927 referunt.
1362 877 1501 926 Tunc
1539 879 1879 929 observatores
1930 880 2214 930 coelestium
2251 886 2389 931 erant

131 957 401 1022 Babylone,
443 959 492 1003 et
514 953 782 1002 Merodach
806 955 999 1016 signum
1036 952 1219 1001 factum
1255 953 1306 998 in
1331 949 1448 1000 Sole
1475 951 1832 1001 animadvertit.
1874 954 1947 1015 (2.
1973 953 2130 1004 Maec.
2162 960 2246 1017 34,
2275 956 2386 1017 31.)

308 1029 502 1078 Octava
525 1033 673 1089 parte
705 1026 907 1075 Cancri.
961 1025 1096 1074 Haec
1121 1031 1194 1073 est
1222 1024 1470 1087 Scaligero
1497 1024 1840 1075 solennissima
1865 1029 2087 1088 assert10‚
2114 1027 2265 1078 velim
2291 1042 2386 1077 au-

134 1109 231 1153 tem
270 1104 394 1152 scire
433 1099 739 1149 documenta.
814 1099 940 1149 Nam
979 1100 1063 1161 qui
1101 1098 1232 1160 dicit,
1272 1096 1535 1146 solstitium
1574 1100 1810 1147 committi
1846 1100 1896 1146 in
1926 1103 1975 1148 8.
2013 1105 2152 1163 parte
2192 1100 2384 1163 Cancri,

133 1178 178 1226 is
211 1177 314 1239 jam
355 1173 571 1223 dividere
609 1174 703 1223 scit
741 1164 930 1222 coelum
968 1174 1018 1218 in
1055 1172 1198 1234 signa
1240 1175 1334 1232 12,
1375 1172 1566 1235 signum
1604 1173 1654 1219 in
1691 1178 1856 1235 partes
1897 1178 1990 1234 30,
2031 1179 2079 1222 et
2116 1175 2390 1237 ingressum

134 1249 263 1299 Solis
301 1251 350 1297 in
386 1249 529 1311 signa
565 1247 729 1306 novit,
786 1245 996 1308 denique
1036 1243 1375 1306 obliquitatem
1423 1243 1568 1294 callet
1606 1244 1873 1308 eclipticae.
1947 1245 2027 1294 An
2063 1245 2187 1296 haec
2226 1249 2389 1296 omnia

140 1338 249 1372 cum
286 1323 407 1386 ipsis
446 1318 823 1385 Olympiadibus
861 1319 1040 1367 fuerint
1076 1323 1209 1378 nota,
1248 1317 1460 1365 viderint
1498 1317 1598 1367 alii.
1676 1317 1896 1381 Quaero,
1939 1321 2048 1383 quis
2087 1325 2257 1370 auctor
2294 1320 2389 1370 hoc

138 1396 359 1457 affirmet,
399 1394 672 1444 conditores
714 1391 1041 1457 Olympiadici
1078 1390 1253 1439 ludicri
1289 1395 1506 1453 putasse,
1546 1390 1808 1440 solstitium
1836 1394 2073 1442 committi
2099 1395 2150 1441 in
2177 1398 2225 1444 8.
2249 1400 2388 1457 parte

135 1469 346 1518 Cancri?
398 1467 611 1517 Attende
650 1466 713 1516 ad
751 1468 850 1514 vim
889 1465 1166 1515 verborum.
1230 1462 1317 1513 Sol
1355 1463 1409 1512 fit
1445 1463 1712 1513 altissimus
1751 1468 2045 1516 constitutus
2085 1468 2134 1514 in
2175 1471 2224 1518 8.
2250 1472 2388 1531 parte

137 1543 331 1602 Cancri,
372 1541 485 1591 inde
523 1555 713 1590 rursum
751 1539 1015 1590 descendit.
1092 1535 1236 1587 Unde
1274 1538 1419 1586 scivit
1456 1537 1568 1586 talis
1607 1539 1811 1601 aliquis,
1859 1539 2026 1590 Solem
2063 1540 2167 1590 fieri
2204 1541 2391 1590 altissi-

132 1615 305 1665 mum?
366 1615 605 1664 Nimirum
661 1628 720 1663 ex
768 1613 966 1662 umbris.
1042 1610 1112 1659 At
1148 1612 1276 1659 intra
1327 1610 1430 1659 dies
1473 1615 1540 1660 14
1578 1611 1700 1660 nihil
1737 1614 1930 1662 variant
1967 1614 2186 1663 umbrae.
2258 1615 2388 1677 Ergo

132 1691 330 1739 sciverit
368 1688 495 1738 diem
532 1685 870 1737 intermediam
895 1688 1019 1734 inter
1059 1684 1264 1733 duorum
1304 1684 1488 1734 dierum
1525 1685 1724 1735 umbras
1753 1687 2000 1749 aequales,
2030 1687 2232 1737 alteram
2258 1701 2390 1737 cres-

131 1770 332 1824 centem,
371 1762 610 1825 reliquam
651 1760 1023 1811 decrescentem.
1074 1759 1192 1807 Esto
1232 1758 1352 1823 hoc,
1401 1757 1645 1807 sciebatur
1683 1759 1785 1809 dies
1825 1760 2037 1809 solstitii.
2113 1759 2232 1811 Jam
2269 1773 2387 1810 vero

132 1836 264 1886 unde
301 1837 488 1885 sciebat
526 1835 639 1884 talis
665 1835 859 1897 aliquis,
900 1832 1066 1882 Solem
1105 1846 1212 1882 esse
1239 1833 1290 1879 in
1320 1836 1366 1880 8.
1394 1837 1531 1894 parte
1557 1831 1769 1882 Cancri?
1809 1833 1932 1882 Cum
1956 1834 2122 1884 Solem
2148 1834 2388 1896 videmuS‚

134 1912 439 1960 asterismum
478 1909 652 1958 Cancri
690 1923 788 1957 non
827 1907 1076 1968 videmuS,
1125 1920 1215 1954 nec
1267 1911 1378 1954 ante
1417 1905 1755 1968 Hipparchum
1793 1912 1842 1956 et
1880 1907 2220 1958 Timocharem
2256 1909 2390 1958 veri-

134 1984 293 2033 simile
333 1989 422 2044 est,
461 1982 667 2043 Lunam,
709 1981 806 2031 diei
831 1982 1085 2043 noctisque
1110 1980 1410 2049 participem,
1449 1978 1598 2029 fuisse
1638 1979 1907 2030 adhibitam
1945 1982 2008 2031 ad
2046 1981 2141 2032 hoc
2177 1980 2391 2074 proden-

140 2057 270 2106 dum.
346 2057 686 2105 Instrumentis
726 2057 854 2104 enim
892 2054 1251 2103 mathematicis
1291 2066 1412 2115 opus
1454 2057 1542 2101 est.

307 2130 429 2193 Eg0,
470 2132 512 2178 si
550 2129 880 2192 conjecturam
918 2142 1077 2176 meam
1116 2139 1317 2189 sequar,
1370 2127 1441 2174 sic
1479 2131 1598 2189 puto
1637 2132 1803 2176 natam
1842 2141 1950 2178 esse
1987 2128 2114 2178 hanc
2152 2128 2391 2179 observa-

29 2214 34 2289 ἰ
101 2206 342 2266 tionem,
394 2202 542 2265 idque
581 2218 641 2252 ex
692 2201 871 2251 indicio
910 2199 1174 2250 Reinholdi
1210 2201 1260 2247 in
1299 2199 1612 2248 Purbachum
1664 2215 1809 2264 super
1849 2207 2075 2251 octavam
2113 2202 2388 2267 sphaeram,

130 2279 183 2325 in
223 2292 320 2340 quo
359 2291 456 2325 uno
495 2276 662 2326 libello
701 2276 811 2339 plus
851 2281 925 2324 est
961 2275 1102 2335 lucis,
1145 2287 1290 2335 quam
1329 2274 1379 2320 in
1419 2274 1644 2322 omnibus
1682 2273 2043 2339 Scaligerianis.

311 2351 362 2414 1)
401 2349 776 2413 Indigetationis
828 2349 1192 2398 asterismorum
1243 2347 1455 2409 vestigia
1506 2353 1699 2396 exstant
1754 2348 1888 2413 apud
1934 2347 2115 2399 Jobem
2172 2354 2390 2414 tempore

133 2425 524 2474 commorationis
565 2423 896 2472 Israelitarum
934 2423 983 2469 in
1023 2421 1267 2485 AegyptO,
1307 2419 1439 2483 apud
1465 2419 1733 2470 Homerum
1769 2428 1822 2472 et
1844 2421 2132 2486 Hesiodum,
2173 2422 2392 2474 Graeco-

38 2483 74 2558 6
132 2513 237 2548 rum
276 2498 717 2560 antiquisissimos3
773 2510 941 2544 omnes
979 2508 1095 2544 vero
1147 2495 1383 2556 imagines
1423 2492 1679 2558 descripsit
1717 2494 1897 2546 Aratus
1945 2499 2156 2546 carmine
2196 2496 2393 2547 divisit-

135 2587 230 2635 que
267 2571 523 2620 zodiacum
561 2572 611 2618 in
653 2575 716 2619 12
757 2572 912 2632 signa,
953 2570 1050 2617 imo
1089 2569 1254 2631 potius
1291 2569 1342 2615 in
1383 2573 1442 2629 6,
1494 2567 1579 2616 sed
1617 2569 1799 2632 incepit
1838 2585 1897 2619 ea
1935 2571 1998 2619 ab
2037 2570 2123 2620 illo
2161 2569 2299 2633 loc0,
2338 2572 2390 2619 in

41 2662 43 2670 ·
137 2659 234 2708 quo
272 2644 358 2695 Sol
397 2651 523 2705 erat,
564 2643 762 2707 quando
799 2643 1065 2706 putabatur
1105 2641 1339 2691 conficere
1380 2643 1771 2706 aequinoctium,
1823 2645 1950 2693 circa
1990 2642 2066 2692 Ol.
2111 2649 2240 2707 124,
2285 2649 2387 2694 100

42 2705 44 2722 ’
135 2720 274 2767 annis
313 2725 426 2767 ante
465 2717 816 2781 Hipparchum,
856 2722 969 2780 post
1005 2715 1255 2764 Metonem
1294 2720 1343 2764 et
1379 2713 1651 2778 Eudoxum,
1692 2721 1748 2764 ut
1784 2731 1990 2779 quorum
2029 2719 2155 2782 cycli
2193 2718 2389 2768 decem-

43 2786 47 2793 ’
136 2791 426 2841 novennalis
476 2793 709 2841 meminit.
784 2790 976 2838 Primus
1027 2788 1339 2852 Hipparchus
1388 2788 1502 2850 fuit,
1555 2790 1639 2852 qui
1685 2789 1839 2839 stellis
1887 2791 2091 2854 singulis
2137 2791 2249 2840 loca
2296 2806 2388 2840 sua

47 2894 50 2922 a
136 2866 405 2928 assignaret
428 2866 480 2912 in
504 2865 725 2930 zodiaco,
764 2869 819 2913 ut
846 2879 905 2912 ex
929 2862 1090 2911 Plinio
1132 2862 1376 2923 discimus,
1415 2861 1820 2926 intelligeretque,
1861 2866 2222 2928 comparatione
2259 2864 2389 2915 facta

16 2974 17 2979 η
52 2991 55 3011 2
140 2952 248 2987 cum
287 2940 560 2988 observatis
598 2936 969 2998 TimocharidiS,
1011 2935 1173 2985 sidera
1210 2935 1330 2984 locis
1368 2937 1468 2984 suis
1508 2935 1757 2989 excedere.

16 3011 17 3031 l

309 3012 363 3076 2)
403 3012 532 3060 Anni
578 3010 835 3074 longitudo
890 3010 1076 3059 dierum
1130 3013 1232 3058 365
1272 3007 1465 3058 videtur
1501 3009 1682 3058 mundo
1736 3025 1947 3073 coaeva,
2003 3012 2212 3073 vestigia
2259 3011 2388 3060 enim

18 3066 19 3079 ἵ
138 3084 321 3134 dierum
361 3090 464 3135 365
503 3090 696 3133 exstant
733 3086 782 3131 in
822 3082 1024 3144 diluvio,
1064 3096 1154 3132 nec
1192 3087 1323 3131 caret
1360 3084 1591 3146 mysterio
1630 3088 1766 3133 aetas
1805 3084 2029 3134 Henochi
2067 3083 2270 3133 totidem
2295 3098 2389 3132 an-

58 3197 60 3213 ,
138 3171 323 3207 norum.
398 3158 585 3207 Mansit
624 3159 771 3221 igitur
810 3156 942 3219 apud
981 3157 1257 3220 Aegyptios
1303 3155 1530 3203 modulus
1577 3157 1670 3205 iste
1711 3161 1814 3206 365
1854 3159 2151 3221 integrorum
2203 3157 2388 3207 dierum

60 3270 61 3287 2
138 3239 187 3280 et
222 3230 355 3295 apud
390 3233 644 3281 universos
684 3232 880 3279 orientis
919 3228 1105 3278 incolas
1144 3234 1257 3277 ante
1296 3226 1623 3279 Macedonum
1661 3244 1810 3278 arma.

311 3304 363 3368 3)
404 3304 600 3367 Duplex
639 3309 803 3353 autem
840 3304 964 3351 ratio
992 3302 1085 3349 fuit
1110 3299 1448 3349 observandae
1473 3298 1792 3364 longitudinis
1819 3304 1959 3351 anni:
2000 3304 2156 3366 prima
2182 3301 2387 3368 Aegyp-

137 3377 337 3439 tiorum,
379 3378 557 3440 quibus
594 3382 833 3439 perpetua
871 3374 995 3424 coeli
1032 3375 1294 3434 serenitas,
1335 3373 1397 3421 ab
1437 3379 1607 3422 exortu
1645 3374 1792 3423 Canis
1831 3375 2067 3436 desumta‚
2106 3379 2389 3440 prognosti-

66 3472 68 3502 ι
139 3462 302 3499 corum
341 3464 491 3499 causa
531 3454 580 3499 et
616 3462 839 3498 annonae
878 3461 1008 3507 cura,
1048 3446 1187 3508 cujus
1227 3446 1382 3494 omnis
1419 3460 1531 3509 spes
1568 3447 1631 3495 ab
1670 3447 1994 3498 exundatione
2023 3448 2122 3498 Nili
2161 3449 2385 3514 adeoque

138 3536 169 3571 a
206 3522 445 3586 qualitate
492 3523 608 3570 anni
655 3520 914 3584 pendebat.
989 3519 1152 3581 Atque
1190 3519 1222 3565 ii
1260 3523 1448 3566 mature
1486 3519 1604 3567 satis
1652 3519 1995 3570 intellexerunt
2039 3527 2196 3572 ortum
2236 3522 2384 3573 Canis

138 3596 188 3643 in
227 3596 341 3644 anni
378 3596 455 3644 sui
494 3593 666 3643 diebus
704 3607 791 3656 per
829 3590 1147 3655 quadriennia
1185 3590 1379 3653 singula
1417 3589 1710 3641 descendere
1749 3606 1846 3642 uno
1886 3593 1980 3646 die.

71 3705 73 3721 ,
315 3668 367 3731 4)
408 3666 578 3717 Altera
614 3667 738 3715 ratio
779 3662 1115 3715 observandae
1164 3662 1483 3726 longitudinis
1529 3666 1642 3713 anni
1681 3668 1980 3716 communior
2030 3668 2122 3717 fuit
2157 3670 2384 3735 gentibus

64 3793 66 3798 ,
140 3743 325 3803 ceteris,
366 3754 622 3803 operarum
658 3740 946 3788 rusticarum
986 3750 1134 3786 causa
1173 3738 1388 3798 inventa,
1429 3737 1490 3786 ob
1530 3739 1643 3786 anni
1681 3744 1996 3803 tempestates
2033 3744 2186 3793 statas
2223 3745 2385 3794 scien-

6 3849 12 3858 ·
76 3862 78 3868 ‚
140 3814 256 3876 das,
304 3816 511 3879 primum
560 3817 724 3862 tamen
763 3827 794 3861 a
832 3809 1093 3860 Chaldaeis
1131 3810 1370 3873 prosecta,
1424 3816 1659 3873 quantum
1706 3826 1766 3862 ex
1804 3813 2076 3865 Columella
2122 3820 2171 3866 et
2205 3816 2382 3867 Bibliis

142 3888 416 3954 colligimus
442 3887 661 3938 obscuris
689 3885 993 3949 conjecturis.
1060 3883 1314 3934 Continuis
1352 3884 1480 3935 enim
1504 3885 1931 3938 observationibus
1956 3884 2229 3941 altitudinis
2254 3890 2384 3942 Solis

1950 3972 2036 4018 18⁴⁹
