2652 4088
302 181 409 238 102
1160 177 1433 223 Plutarchus
1465 176 1522 223 de
1552 177 1688 224 Facie

303 345 462 393 neque
503 328 704 378 densum
743 342 901 390 neque
940 331 1085 376 tenue
1126 327 1204 377 vel
1241 336 1400 377 rarum
1446 328 1608 390 ipsum
1645 343 1699 378 se
1735 329 1842 392 ipso
1883 342 2038 391 capax
2076 341 2182 376 esse
2221 327 2430 377 animae.
2492 327 2556 375 Et

300 404 423 452 haec
463 402 520 449 de
561 402 836 449 substantia
876 401 1060 448 Lunae.

474 473 705 522 Latitudo
746 487 861 521 vero
901 480 949 521 et
987 470 1269 533 magnitudo
1309 471 1414 533 ejus
1454 486 1550 520 non
1590 480 1664 522 est
1701 472 1801 534 illa,
1842 487 1986 534 quam
2026 478 2303 535 geometrae
2342 471 2552 534 tradunt,

302 546 387 595 sed
425 546 578 594 multo
618 546 788 607 major.
867 544 1008 606 Quod
1049 558 1164 592 vero
1203 544 1425 592 umbram
1462 545 1638 593 Terrae
1677 546 1898 609 pauculis
1938 547 2013 593 sui
2053 547 2267 607 corporis
2305 547 2553 605 magnitu-

303 619 494 667 dinibus
522 618 848 677 dimetiuntur‚
889 618 938 664 id
966 631 1058 664 non
1088 623 1160 665 est
1185 623 1380 679 propter
1410 620 1700 679 parvitatem
1727 633 1879 678 suam,
1921 617 2006 666 sed
2045 621 2160 680 quia
2199 618 2554 666 ferventissimo

302 698 437 739 motu
476 694 760 751 concitatur,
802 696 855 737 ut
894 690 1110 738 celeriter
1147 690 1356 751 trajiciat
1394 689 1556 738 locum
1593 691 1902 739 tenebrosum
1924 687 2032 751 l²⁰),
2076 690 2365 739 subtrahens
2391 698 2439 739 et
2465 706 2554 739 ex-

300 771 498 827 portans
550 766 738 826 piorum
786 764 972 810 animas
1026 762 1226 824 cupidas
1277 768 1326 811 et
1375 761 1634 811 clamorem
1687 762 2006 812 intendentes.
2083 763 2207 811 Nam
2246 764 2295 810 in
2333 763 2554 811 umbram

306 835 496 885 delatae
535 851 631 884 non
671 835 879 898 amplius
919 835 1184 883 exaudiunt
1238 842 1523 884 concentum
1562 836 1820 885 coelorum.
1896 835 2051 884 Simul
2089 842 2252 884 autem
2291 838 2438 884 etiam
2476 838 2555 882 in-

303 909 449 959 ferius
499 908 568 972 (in
607 908 857 972 profundis
900 907 1065 956 Lunae
1115 906 1380 976 specubus)
1434 922 1624 968 eorum,
1678 910 1762 971 qui
1799 910 1969 971 poenis
2008 909 2311 971 plectuntur,
2364 910 2556 957 animae

301 983 536 1044 tantisper
574 981 688 1029 dum
725 983 773 1028 in
814 982 984 1029 umbra
1022 988 1135 1028 sunt
1173 980 1418 1043 plorantes
1457 983 1672 1030 lamenta
1711 980 1860 1030 edunt
1909 981 2227 1030 incredibilia.
2289 980 2555 1044 Propterea

302 1057 448 1103 etiam
487 1054 679 1116 pulsare
718 1054 876 1103 solent
911 1053 1128 1116 plerique
1156 1054 1403 1102 hominum
1432 1056 1479 1100 in
1509 1053 1734 1116 deliquiis
1774 1069 1918 1103 aerea
1946 1069 2064 1102 vasa
2101 1056 2401 1117 tinnitusque
2429 1056 2553 1103 ciere

302 1134 349 1176 et
387 1130 615 1190 strepitus
641 1123 728 1192 ¹²¹)
778 1126 1012 1175 adversus
1051 1128 1238 1175 animas
1261 1122 1362 1193 l²²).
1437 1127 1784 1189 Expavescunt
1823 1128 1948 1175 enim
1994 1127 2127 1175 illam
2168 1127 2346 1175 dictam
2385 1126 2555 1176 Lunae

301 1200 491 1260 faciem,
533 1202 616 1248 ubi
655 1201 1166 1263 appropinquaverint,
1207 1214 1332 1262 quae
1371 1207 1510 1248 torvo
1551 1206 1598 1249 et
1636 1199 1853 1248 horribili
1892 1205 1966 1248 est
2003 1207 2222 1262 aspectu.
2300 1198 2404 1247 Etsi
2444 1199 2556 1248 talis

304 1273 500 1337 quidem
538 1273 625 1321 illa
661 1287 758 1321 non
798 1281 890 1334 est,
945 1271 1030 1320 sed
1080 1274 1205 1321 sicut
1250 1278 1416 1321 nostra
1464 1272 1586 1322 haec
1624 1272 1774 1322 Terra
1823 1274 1958 1320 sinus
2003 1273 2152 1321 habet
2201 1272 2467 1335 profundos
2507 1279 2558 1322 et

304 1345 508 1409 amplos,
548 1361 696 1394 unum
736 1345 931 1409 quidem
970 1347 1048 1392 hie
1085 1360 1170 1408 per
1208 1345 1456 1393 columnas
1483 1345 1710 1394 Herculis
1749 1346 1874 1393 intro
1913 1345 1976 1393 ad
2001 1360 2090 1393 nos
2130 1345 2303 1404 fusum,
2345 1347 2555 1394 exterius

309 1433 426 1468 vero
468 1420 686 1482 caspium
706 1415 816 1484 ¹¹²³),
857 1433 1037 1480 eosque
1073 1420 1155 1480 qui
1194 1424 1306 1465 sunt
1345 1422 1470 1467 circa
1509 1433 1639 1468 mare
1677 1418 1896 1475 rubrum,
1946 1419 2018 1467 sic
2056 1420 2179 1467 istae
2218 1417 2408 1482 (Lunae
2446 1434 2557 1466 ma-

302 1486 464 1559 culae)
511 1491 864 1554 profunditates
912 1498 959 1540 et
1011 1492 1355 1540 excavationes
1405 1491 1572 1540 Lunae
1624 1497 1737 1539 sunt
1760 1487 1862 1555 ¹²⁴).
1939 1491 2010 1538 Ex
2050 1493 2109 1539 iis
2159 1506 2305 1539 unam
2357 1490 2556 1554 quidem

303 1566 563 1612 maximam
602 1558 815 1614 Hecates
854 1563 1099 1627 penetrale
1140 1563 1450 1627 appellitant,
1504 1565 1587 1612 ubi
1626 1578 1810 1627 poenas
1838 1570 1886 1612 et
1914 1563 2174 1613 exsolvunt
2212 1571 2260 1612 et
2297 1569 2558 1626 reposcunt

303 1639 493 1686 animae
532 1652 619 1701 pro
659 1639 733 1697 iis,
774 1652 899 1700 quae
927 1651 1035 1684 cum
1068 1637 1170 1699 jam
1195 1645 1356 1685 essent
1383 1643 1527 1686 natae
1557 1636 1634 1687 vel
1659 1635 1961 1700 pertulerunt
1988 1637 2064 1685 vel
2091 1639 2433 1685 commiserunt
2451 1632 2557 1699 ι25),

307 1709 432 1759 duae
473 1724 586 1758 vero
626 1712 835 1758 minores
886 1705 1121 1773 sunt¹‘·'⁶).
1200 1709 1525 1784 Trajici'untur
1573 1711 1700 1759 enim
1748 1711 1938 1757 animae
1978 1711 2025 1757 in
2065 1708 2160 1758 illis
2198 1723 2324 1758 nunc
2361 1708 2557 1772 quidem

302 1784 351 1830 in
391 1788 555 1845 partes
595 1783 791 1844 Lunae,
846 1797 972 1845 quae
1022 1797 1190 1831 versus
1235 1782 1425 1831 eoelum
1462 1789 1709 1846 spectant,
1757 1797 1944 1830 rursum
1994 1783 2041 1829 in
2081 1797 2164 1831 eas
2211 1797 2338 1845 quae
2386 1796 2557 1832 versus

308 1854 508 1905 Terram
534 1852 638 1918 ¹²⁷).
704 1856 764 1903 Et
803 1870 928 1918 quae
968 1855 1030 1903 ad
1071 1855 1260 1904 coelum
1299 1861 1521 1918 spectant
1548 1870 1747 1918 campus
1775 1854 1956 1918 elysius
1996 1861 2248 1914 vocantur,
2287 1870 2413 1918 quae
2438 1870 2556 1905 vero

304 1927 366 1977 ad
405 1943 494 1977 nos
532 1935 772 1992 spectant,
811 1928 1145 1991 Proserpinae,
1186 1943 1281 1976 non
1322 1943 1436 1977 vero
1478 1928 1866 1978 Contra-Terrae
1905 1929 2101 1991 (nomen
2142 1928 2400 1990 obtinent).

476 2001 586 2050 Non
626 2015 814 2063 semper
865 2016 979 2050 vero
1029 2008 1189 2050 terunt
1226 2003 1292 2050 ibi
1331 2008 1521 2064 tempus
1560 2003 1714 2064 genii,
1765 2001 1851 2049 sed
1898 2001 1994 2049 huc
2041 2000 2340 2050 descendunt
2394 2016 2558 2050 curam

305 2076 487 2138 gesturi
529 2073 858 2134 oraculorum,
899 2075 1232 2136 intereuntque
1273 2080 1319 2123 et
1358 2076 1449 2137 ipsi
1489 2075 1736 2123 sacrifieiis
1774 2073 2159 2133 sublimissimis,
2200 2080 2248 2122 et
2287 2075 2422 2136 orgia
2460 2089 2559 2124 una

305 2149 553 2198 celebrant
601 2146 914 2210 vindicesque
966 2148 1178 2195 existunt
1218 2154 1266 2196 et
1304 2146 1530 2196 custodes
1570 2146 1802 2196 scelerum
1855 2152 1903 2195 et
1950 2151 2240 2197 servatores.
2315 2146 2381 2195 Hi
2420 2154 2467 2196 et
2506 2148 2555 2195 in

302 2220 444 2270 bellis
483 2226 531 2270 et
569 2222 616 2267 in
656 2222 777 2269 mari
813 2221 943 2268 faces
981 2221 1278 2283 praeferunt3
1319 2222 1510 2283 quoties
1548 2235 1662 2270 vero
1704 2218 1822 2283 quid
1858 2219 2028 2268 horum
2067 2234 2163 2268 non
2204 2220 2327 2269 bene
2354 2221 2556 2282 egerint,

301 2293 388 2344 sed
427 2299 512 2343 aut
550 2308 610 2343 ex
646 2295 719 2342 ira
767 2299 852 2341 aut
902 2291 963 2341 ad
1012 2296 1218 2355 gratiam
1256 2293 1486 2356 injustam
1537 2298 1623 2342 au't
1673 2307 1730 2342 ex
1780 2292 1991 2354 invidia,
2046 2307 2228 2357 poenas
2280 2291 2554 2353 exsolvunt,

301 2366 560 2415 truduntur
600 2368 725 2415 enim
763 2381 951 2414 rursum
990 2368 1037 2413 in
1077 2366 1299 2427 Terram,
1353 2368 1557 2415 contorti
1608 2368 1655 2412 in
1707 2365 1921 2414 humana
1972 2380 2188 2429 corpora.
2264 2365 2336 2413 Ex
2388 2380 2555 2415 eorum

304 2455 419 2489 vero
461 2453 607 2488 censu
659 2441 740 2502 qui
796 2439 1046 2500 melioreS,
1098 2439 1170 2487 illi
1222 2441 1305 2502 qui
1358 2441 1485 2488 circa
1534 2437 1795 2487 Saturnum
1846 2444 1982 2498 sunt,
2033 2441 2179 2488 etiam
2227 2452 2279 2486 se
2333 2438 2556 2488 dixerunt

308 2527 442 2572 esse,
494 2518 542 2560 et
580 2513 712 2574 prius
751 2510 947 2573 quidem
998 2513 1047 2558 in
1087 2511 1231 2560 Creta
1268 2514 1415 2561 etiam
1455 2511 1691 2575 Dactylos
1743 2509 1853 2558 illos
1893 2510 2099 2572 Idaeos,
2153 2516 2201 2560 et
2251 2511 2300 2557 in
2341 2510 2554 2575 Phrygia

305 2585 609 2649 Corybantas
660 2590 707 2634 et
746 2583 1117 2646 Trophoniadas
1167 2587 1215 2631 in
1254 2584 1475 2634 Lebadia
1512 2585 1749 2632 Boeotica
1796 2589 1843 2632 et
1880 2583 2093 2632 infinitos
2143 2583 2266 2632 alios
2307 2584 2355 2630 in
2396 2584 2552 2647 pluri-

307 2661 398 2706 mis
446 2657 567 2705 locis
617 2658 745 2705 orbis
795 2656 1029 2716 habitati,
1080 2671 1282 2717 quorum
1332 2671 1470 2705 sacra
1509 2663 1556 2704 et
1594 2657 1801 2704 honores
1850 2662 1898 2704 et
1935 2656 2290 2719 appellationes
2328 2664 2553 2720 manent;

309 2730 581 2792 aliquorum
622 2744 735 2778 vero
774 2735 1040 2792 potestates
1082 2729 1372 2790 defecerunt,
1413 2731 1497 2791 qui
1536 2731 1584 2778 in
1625 2729 1749 2777 alios
1775 2728 1909 2777 locos
1937 2730 2156 2779 translati
2183 2731 2415 2792 optimam
2442 2745 2555 2793 per-

303 2805 623 2852 mutationem
661 2808 773 2850 sunt
809 2803 955 2850 nacti.
1031 2801 1141 2850 Hoc
1178 2817 1294 2851 vero
1335 2804 1572 2864 contingit
1610 2801 1718 2850 aliis
1755 2803 1911 2863 priuS‚
1963 2802 2072 2850 aliis
2119 2805 2301 2863 seriuS,
2357 2803 2553 2866 quando

301 2891 438 2925 mens
477 2877 539 2924 ab
579 2877 741 2924 anima
766 2875 910 2923 fuerit
934 2871 1261 2938 secreta¹²²);
1300 2877 1566 2924 secernitur
1603 2881 1766 2923 autem
1804 2888 1967 2923 amore
1994 2877 2234 2938 imaginiS,
2276 2890 2401 2938 quae
2428 2878 2555 2926 circa

302 2949 466 2999 Solem
505 2954 578 2998 est
602 2943 716 3016 129),
765 2962 850 3010 per
887 2962 1034 3010 quam
1072 2947 1272 3010 affulget
1310 2947 1382 3008 id,
1424 2946 1555 3010 quod
1594 2952 1666 2995 est
1704 2947 1965 3009 expetibile
2005 2947 2306 2997 et—divinum
2346 2954 2394 2997 et
2434 2949 2554 2998 bea-

302 3029 421 3083 tum,
462 3022 600 3085 cujus
641 3027 874 3085 appetens
914 3027 987 3069 est
1025 3022 1179 3068 omnis
1217 3026 1403 3081 natura,
1444 3019 1541 3068 alia
1581 3018 1775 3082 quidem
1814 3019 1969 3068 aliter.
2045 3021 2170 3070 Nam
2208 3024 2363 3083 ipsam
2403 3023 2552 3071 etiam

302 3095 493 3144 Lunam
545 3108 710 3142 amore
748 3093 877 3142 Solis
929 3093 1357 3142 circumambulare
1404 3107 1592 3156 semper
1644 3099 1691 3141 et
1730 3093 1857 3141 coire
1897 3107 2004 3142 cum
2042 3093 2150 3155 illo,
2200 3097 2553 3157 concupiscen-

301 3175 399 3217 tem
438 3168 500 3216 ab
539 3169 645 3230 ipso
684 3166 786 3215 fieri
837 3181 982 3229 quam
1021 3165 1462 3215 foecundissimam.
1539 3163 1846 3227 Relinquitur
1894 3172 2056 3215 autem
2095 3169 2142 3215 in
2181 3167 2323 3215 Luna
2361 3170 2552 3217 animae

304 3247 492 3302 natura,
533 3254 826 3289 conservans
866 3239 1017 3288 veluti
1057 3240 1266 3301 vestigia
1304 3237 1547 3302 quaedam
1584 3238 1663 3286 vel
1703 3239 1890 3287 somnia
1927 3240 2076 3291 vitae.
2142 3241 2203 3289 Et
2241 3240 2299 3290 de
2323 3239 2416 3290 hac
2440 3242 2553 3303 qui-

308 3313 415 3363 dem
452 3319 581 3363 recte
620 3318 814 3362 censeto
855 3311 1035 3360 dictum
1071 3311 1218 3360 illud:

710 3388 803 3434 Ast
839 3388 1018 3434 anima
1056 3391 1116 3434 ut
1153 3398 1360 3433 somnus
1395 3384 1593 3432 volucri
1629 3389 1759 3430 secat
1796 3387 1921 3430 affra
1959 3397 2127 3432 cursu.

478 3458 650 3520 Neque
689 3460 815 3507 enim
854 3457 938 3506 illa
975 3460 1137 3506 statim
1162 3463 1291 3517 tunc,
1332 3471 1488 3518 neque
1514 3457 1720 3519 primum
1758 3460 1904 3517 atque
1944 3469 2142 3518 corpore
2179 3456 2271 3504 fuit
2308 3457 2546 3518 exsoluta,

303 3530 396 3579 hoc
434 3537 507 3579 est
544 3546 716 3594 passa,
755 3530 841 3579 sed
880 3532 1149 3593 posterius,
1200 3528 1395 3591 quando
1435 3528 1626 3577 deserta
1663 3533 1712 3576 et
1748 3527 1853 3576 sola
1891 3529 2035 3576 suerit
2072 3544 2102 3578 a
2139 3534 2298 3578 mente
2337 3530 2548 3579 revulsa.

303 3603 365 3650 Et
413 3602 653 3651 Homerus
702 3605 915 3652 omnium
967 3618 1094 3666 quae
1142 3602 1265 3651 dixit
1314 3602 1407 3650 hoc
1453 3603 1660 3650 maxime
1708 3600 1816 3649 Deo
1864 3599 2075 3650 dictante
2127 3601 2318 3651 videtur
2369 3601 2548 3651 dixisse

306 3674 365 3724 de
403 3675 592 3724 inferis:

721 3748 811 3796 Ast
846 3748 992 3796 illum
1031 3748 1278 3797 Herculeo
1318 3747 1548 3808 experior
1580 3761 1680 3808 pro
1717 3745 1894 3794 robore
1933 3753 2077 3795 tenve

724 3821 911 3879 Instar,
952 3828 1006 3869 at
1041 3824 1145 3884 ipse
1182 3821 1298 3868 Diis
1333 3835 1430 3868 sese
1467 3818 1836 3868 immortalibus
1874 3814 2153 3887 infert¹³⁰).

305 3892 430 3945 Nam
469 3893 801 3956 unusquisque
837 3899 1054 3944 nostrum
1091 3907 1188 3942 non
1226 3898 1299 3942 est
1335 3906 1493 3958 neque
1531 3892 1627 3953 ira,
1668 3905 1825 3955 neque
1864 3898 2045 3955 metue,
2091 3905 2248 3956 neque
2287 3891 2544 3958 cupiditaS,
2622 3941 2633 3969 ὅ

2624 3794 2642 3916 ἓ

2618 3975 2635 4088 ξ
