2652 4088
1071 197 1107 247 I.
1138 200 1474 248 Mathematica.
2299 191 2402 258 149

1132 357 1319 432 Caput
1368 354 1423 415 2.

255 473 338 523 De
377 474 642 532 subjecto
681 469 1113 519 mathematicos
1151 470 1389 530 ejusque
1429 467 1784 534 ἑξαφαιρεσεως
1822 472 2286 520 consideratione.

319 575 425 623 Etsi
462 577 510 622 in
538 572 941 638 praecedentibus
965 572 1084 619 satis
1112 570 1265 619 multa
1305 571 1365 620 de
1404 571 1627 633 subjecto
1667 571 1812 633 hujus
1851 573 2083 620 scientiae
2123 571 2253 621 dicta
2291 577 2405 621 sunt

20 671 22 674 >
83 685 85 691 ,
148 647 198 695 in
238 661 429 709 genere,
469 654 630 696 tamen
671 660 746 694 res
785 647 891 708 ipsa
928 646 1143 706 requirit,
1183 651 1237 692 ut
1264 644 1342 692 hic
1368 645 1631 706 objectioni
1658 645 1802 693 alicui
1829 644 2224 708 respondeamus,
2284 646 2404 696 Dic-

12 759 14 775 .
74 719 92 730 ⁹
143 726 250 769 'tum
289 723 417 769 enim
456 729 529 769 est
570 733 731 783 supra,
773 717 1146 766 mathematicen
1180 717 1368 780 jactare
1395 717 1668 779 subjectum
1696 716 1984 778 universale,
2026 717 2119 766 hoc
2143 724 2217 766 est
2243 726 2405 767 aeter-

148 807 264 841 num
303 800 351 842 et
389 792 654 842 immobile.
734 791 799 839 At
838 797 1078 853 quotquot
1118 804 1205 838 nos
1243 791 1292 838 in
1329 790 1474 838 rebus
1512 793 1810 852 quantitates
1851 792 2105 850 cernimuS,
2147 791 2261 839 illae
2301 794 2404 839 sin-

145 866 350 930 gulatim
403 869 644 915 intereunt
691 879 799 912 cum
837 865 1006 923 rebuS,
1060 877 1175 926 ergo
1223 863 1496 925 subjectum
1543 864 1688 911 faciet
1737 864 1830 911 sibi
1869 863 2210 912 mathematice
2250 865 2402 926 aliud,

147 953 294 1002 quam
334 938 422 986 has
462 941 511 986 in
550 937 811 986 sensilibus
850 937 1162 999 quantitates.
1212 937 1410 998 Eritque
1450 935 1671 984 fictitium
1699 935 1929 998 quiddam
1970 942 2016 984 et
2050 939 2401 999 imaginarium,

149 1013 227 1060 cui
265 1011 387 1059 nihil
425 1014 495 1058 rei
534 1011 715 1069 subsit,
769 1009 1041 1072 cujusmodi
1089 1011 1386 1072 quantitates
1438 1008 1770 1057 confinxerunt
1821 1009 2019 1070 quidam
2060 1024 2116 1057 ex
2156 1012 2404 1060 veteribus

147 1084 468 1149 philosophie.
547 1082 835 1132 Aristoteles
875 1097 1070 1145 quoque
1109 1082 1255 1130 XIII.
1297 1081 1415 1130 Met.
1457 1096 1560 1145 cap.
1605 1088 1648 1132 2.
1688 1082 1877 1145 probat,
1918 1096 1994 1130 res
2033 1082 2403 1132 mathematicas

144 1156 278 1206 nullo
318 1157 462 1205 modo
503 1171 611 1206 esse
650 1163 901 1220 separatas
929 1171 957 1204 a
983 1155 1260 1214 sensilibuS,
1300 1162 1348 1203 et
1385 1155 1690 1218 reprehendit
1727 1155 1820 1203 hoc
1855 1156 2048 1203 nomine
2077 1161 2278 1216 vetereS,
2320 1159 2404 1219 qui

142 1229 269 1279 haec
307 1229 520 1278 absurda
560 1229 906 1279 confinxerunt.
987 1229 1051 1276 At
1090 1230 1172 1291 qui
1210 1227 1556 1276 mathematica
1606 1227 1774 1276 dicunt
1812 1235 2009 1276 aeterna
2047 1235 2095 1276 et
2133 1229 2406 1296 immobilia

145 1317 252 1354 esse
290 1309 339 1352 et
377 1303 511 1364 talia,
552 1303 611 1351 de
651 1303 829 1364 quibus
869 1301 1168 1350 universales
1196 1302 1490 1349 certissimae
1518 1307 1564 1349 et
1590 1298 1928 1364 ἀμετακινητοι
1968 1301 2404 1351 demonstrationes

28 1388 31 1396 “
142 1374 311 1426 haberi
350 1377 554 1441 possint,
595 1377 790 1424 omnino
830 1374 1008 1437 fingere
1047 1375 1285 1434 videntur,
1327 1373 1693 1422 mathematicas
1719 1388 1796 1422 res
1823 1388 1929 1422 esse
1955 1381 2207 1438 separatas
2234 1391 2264 1423 a
2289 1390 2404 1425 sen-

145 1449 335 1498 silibus,
412 1449 490 1497 Ad
531 1448 657 1498 hanc
697 1448 1049 1496 dubitationem
1086 1446 1348 1511 respondet
1372 1447 1661 1496 Aristoteles
1698 1446 1869 1496 eodem
1895 1446 2043 1495 XIII.
2069 1447 2188 1495 Met.
2217 1462 2322 1511 cap.
2354 1454 2402 1498 3.

145 1523 221 1571 his
262 1522 361 1571 fere
400 1522 592 1572 verbis:
632 1537 745 1570 nam
773 1523 898 1569 sicut
925 1521 1160 1583 contingit
1199 1523 1247 1567 in
1284 1520 1609 1581 mathematiS‚
1653 1527 1704 1568 ut
1742 1520 2017 1569 universale
2043 1521 2160 1583 quid
2201 1520 2404 1586 demon-

145 1602 321 1645 stretur
370 1594 430 1644 de
478 1595 922 1658 magnitudinibuS,
975 1609 1005 1642 a
1044 1595 1222 1656 quibus
1262 1595 1448 1642 numeri
1490 1596 1705 1658 separati
1742 1608 1837 1642 non
1885 1601 2023 1654 sunt,
2078 1599 2292 1643 attamen
2333 1597 2404 1644 sic

146 1668 205 1719 de
244 1669 664 1732 magnitudinibus
705 1668 1073 1727 demonstretur,
1115 1674 1168 1715 ut
1206 1672 1365 1715 mente
1400 1667 1504 1729 jam
1543 1681 1881 1716 removeamus
1919 1674 2191 1731 respectum
2228 1681 2404 1718 nume-

143 1756 332 1802 rorum,
386 1742 558 1791 eodem
605 1741 749 1790 modo
790 1741 1001 1789 dubitari
1039 1754 1135 1788 non
1176 1745 1361 1803 potest,
1414 1742 1528 1802 quin
1569 1741 1670 1789 fieri
1708 1742 1889 1804 possit,
1930 1747 1983 1789 ut
2022 1742 2119 1789 sint
2157 1741 2303 1790 etiam
2344 1741 2402 1791 de

144 1815 406 1864 sensilibus
444 1815 862 1878 magnitudinibus
902 1815 1163 1864 enunciata
1201 1818 1250 1861 et
1289 1812 1724 1862 demonstrationes
1766 1813 1982 1876 aliquae,
2024 1829 2121 1862 non
2161 1822 2402 1877 quatenus

145 1888 365 1947 sensileS,
406 1888 492 1937 sed
532 1895 772 1951 quatenus
810 1888 904 1936 hoc
943 1893 1069 1946 sunt,
1111 1885 1242 1949 quod
1283 1886 1507 1935 dicuntur
1544 1886 1681 1951 (puta
1720 1884 2115 1951 magnitudines).
2342 1900 2346 1904 ·

319 1959 740 2023 Quemadmodum
781 1963 908 2009 enim
942 1960 1097 2008 multa
1123 1959 1181 2009 de
1207 1960 1351 2008 rebus
1379 1960 1733 2023 praedicantur,
1776 1966 2016 2022 quatenus
2045 1961 2158 2010 illae
2187 1966 2404 2009 tantum-

145 2033 290 2082 modo
330 2035 565 2096 mobileS,
617 2036 833 2098 seposita
883 2033 1184 2097 singulorum
1233 2035 1473 2082 essentiae
1525 2033 1947 2095 accidentiumque
2000 2033 2403 2096 consideratione,

146 2121 305 2169 neque
345 2107 455 2156 ideo
495 2122 692 2157 necesse
733 2113 820 2168 est,
861 2107 924 2166 id,
964 2106 1095 2169 quod
1135 2120 1254 2155 voce
1281 2106 1475 2154 mobilis
1503 2109 1798 2171 exprimitur,
1836 2114 2115 2170 separatum
2153 2107 2270 2170 quid
2296 2113 2411 2157 esse'

145 2196 174 2230 a
212 2180 498 2242 sensilibus,
548 2190 635 2229 aut
672 2183 821 2229 statui
859 2186 1082 2228 naturam
1129 2179 1372 2242 quandam
1421 2179 1790 2229 determinatam
1828 2181 1876 2227 in
1925 2181 2185 2229 sensilibus
2225 2182 2401 2243 inesse,

145 2252 316 2303 eodem
355 2254 499 2318 plane
538 2253 684 2303 modo
726 2256 871 2303 etiam
911 2253 969 2302 de
1007 2253 1272 2302 mobilibus
1311 2252 1465 2301 multa
1506 2253 1598 2302 dici
1626 2259 1830 2318 possunt
1869 2260 1916 2302 et
1946 2255 2177 2302 scientiae
2218 2256 2401 2303 consti-

145 2328 230 2386 tui,
271 2340 367 2375 non
408 2334 649 2390 quatenus
688 2327 905 2388 mobilia,
945 2326 1032 2375 sed
1071 2332 1311 2389 quatenus
1339 2333 1422 2374 aut
1449 2341 1651 2390 corpora
1678 2326 2012 2376 tantummodo
2040 2327 2399 2389 mathematica,

145 2410 230 2448 aut
266 2406 508 2462 quatenus
547 2400 717 2464 plana,
771 2406 855 2449 aut
902 2406 1142 2463 quatenus
1180 2399 1366 2460 lineae,
1420 2410 1506 2448 aut
1545 2407 1784 2463 quatenus
1823 2415 2068 2449 numerus.
2145 2400 2319 2463 Itaque
2358 2403 2398 2449 si

144 2486 312 2522 verum
353 2473 509 2522 dicere
549 2473 781 2534 velimus,
832 2487 930 2522 non
969 2479 1158 2521 tantum
1198 2488 1281 2532 ea,
1333 2487 1458 2535 quae
1498 2475 1713 2536 separari
1752 2481 1980 2536 possunt,
2035 2475 2273 2534 existunt,
2313 2473 2400 2523 sed

147 2549 293 2596 etiam
333 2561 460 2608 quae
498 2561 595 2595 non
632 2553 854 2611 possunt,
895 2554 1014 2610 puta
1052 2553 1100 2594 et
1136 2545 1338 2594 mobilia
1378 2552 1426 2595 et
1463 2547 1807 2595 mathematica
1833 2553 1881 2595 et
1909 2548 2070 2595 omnia
2101 2546 2400 2609 hujusmodi.

146 2619 207 2668 Et
243 2620 391 2683 paulo
429 2626 566 2683 post:
607 2622 656 2667 in
685 2622 952 2683 geometria
990 2635 1097 2668 cum
1138 2622 1297 2682 agitur
1337 2619 1395 2667 de
1433 2620 1508 2667 his
1547 2621 1707 2681 rebUS,
1750 2621 1925 2682 quibus
1963 2620 2153 2681 accidit,
2196 2626 2249 2668 ut
2286 2635 2400 2669 sen-

85 2678 100 2698 ⁶
146 2691 256 2741 silia
293 2694 403 2753 sint,
444 2695 604 2754 agitur
641 2707 758 2742 vero
799 2693 858 2742 de
898 2695 958 2742 iis
997 2707 1094 2742 non
1121 2702 1174 2741 ut
1197 2692 1472 2752 sensffibrm,
1515 2708 1573 2742 ex
1599 2693 1692 2742 hoc
1729 2707 1825 2742 non
1867 2695 2112 2756 sequitur,
2155 2699 2239 2741 aut
2278 2693 2398 2742 nihil

60 2787 61 2790 ¹
112 2804 115 2810 .
146 2778 290 2828 agere
327 2766 695 2815 mathematicas
733 2768 961 2815 scientias
1001 2766 1060 2816 de
1099 2766 1382 2827 sensilibus,
1423 2773 1508 2814 aut
1545 2781 1642 2814 non
1682 2781 1827 2829 agere
1866 2765 1924 2815 de
1964 2766 2223 2815 sensilibus
2262 2781 2401 2815 seor-

145 2840 251 2899 sim,
290 2841 432 2901 quasi
470 2839 569 2888 alia
605 2847 831 2903 separata
868 2843 980 2888 sint.
1057 2839 1215 2888 Multa
1253 2854 1464 2902 namque
1515 2839 1743 2888 accidunt
1791 2841 1936 2888 rebus
1985 2840 2263 2902 hujusmodi
2314 2854 2400 2904 per

63 2935 65 2938 ·
145 2925 198 2960 se
234 2913 391 2976 ipsas,
444 2918 683 2975 quatenus
722 2913 970 2975 quaelibet
1007 2913 1176 2961 harum
1218 2915 1396 2961 existit.
1473 2913 1616 2962 Aliae
1655 2928 1865 2975 namque
1905 2921 2018 2961 sunt
2055 2913 2282 2960 animalis
2321 2912 2399 2962 af-

145 2984 376 3035 fectiones
431 2992 672 3048 quatenus
723 3001 852 3045 maS,
905 2986 1031 3035 aliae
1083 2993 1324 3048 quatenus
1374 2986 1594 3046 femella,
1645 3000 1803 3049 neque
1852 2992 2014 3035 tamen
2055 2985 2134 3035 vel
2173 3000 2276 3033 mas
2316 2985 2398 3034 vel

146 3058 324 3108 femina
360 3065 637 3123 separatum
677 3058 795 3121 quid
834 3066 907 3107 est
944 3059 1006 3107 ab
1046 3058 1358 3108 animalibus,
1427 3058 1507 3107 Sic
1545 3062 1711 3121 itaque
1752 3060 1900 3107 etiam
1939 3060 2081 3108 rebus
2119 3058 2273 3106 multa
2311 3073 2397 3107 ac-

147 3130 324 3191 cidunt,
364 3138 604 3193 quatenus
644 3138 730 3179 aut
767 3131 1101 3179 tantummodo
1127 3132 1319 3194 longae,
1360 3138 1445 3179 aut
1470 3131 1805 3180 tantummodo
1830 3131 1976 3183 latae.
2029 3132 2090 3179 Et
2117 3145 2213 3193 quo
2240 3133 2398 3194 magis

148 3203 207 3254 de
247 3205 486 3268 prioribus
527 3211 575 3252 et
613 3204 990 3267 simplicioribus
1029 3207 1204 3267 agitur,
1243 3205 1337 3252 hoc
1362 3205 1517 3266 major
1557 3205 1804 3253 evidentia
1831 3206 1932 3253 erit.
1984 3204 2207 3267 Exempli
2233 3218 2397 3264 causa,

2 3318 7 3339 ς
58 3322 63 3335 ,
144 3277 413 3341 simplicius
453 3276 866 3325 considerabimus
903 3291 979 3324 res
1017 3279 1121 3325 sine
1156 3277 1505 3338 magnitudine,
1546 3292 1692 3339 quam
1719 3277 1953 3337 cumina,
1995 3278 2252 3341 praecipue
2279 3291 2396 3327 vero

0 3342 7 3351 '⁵
59 3343 65 3402 ³,
145 3352 249 3403 nine
286 3357 436 3398 motu.
515 3350 576 3397 Et
614 3356 798 3397 motum
836 3351 996 3412 ipsum
1033 3351 1075 3397 si
1114 3349 1500 3410 consideremus,
1552 3357 1654 3397 tum
1693 3352 1900 3397 maxime
1949 3352 2154 3413 primum
2195 3356 2394 3413 motum,

62 3413 65 3419 ’
147 3430 196 3472 et
232 3437 291 3471 ex
330 3424 485 3485 primo
524 3428 655 3470 motu
696 3421 1106 3485 simplicissimus,
1157 3423 1240 3484 qui
1279 3422 1499 3484 aequalis
1539 3429 1626 3471 est.
1703 3422 1886 3470 Eadem
1928 3428 2001 3471 est
2038 3423 2161 3471 ratio
2199 3423 2396 3473 harmo-

7 3548 14 3559 ,
63 3520 69 3552 ιι
146 3497 277 3544 uices
316 3502 365 3543 et
404 3497 604 3558 optices.
656 3495 840 3542 Neutra
867 3495 993 3543 enim
1019 3508 1159 3543 suum
1200 3494 1489 3556 subjectum,
1530 3500 1767 3557 quatenus
1806 3495 1853 3542 id
1894 3501 1978 3543 aut
2017 3494 2180 3544 radius
2207 3498 2395 3546 visivus

63 3551 69 3628 ’ᾗ
126 3575 232 3617 -aut
271 3582 367 3616 vox
404 3573 493 3627 est,
536 3566 825 3627 considerat,
865 3566 951 3615 sed
989 3574 1229 3630 quatenus
1257 3566 1375 3614 illud
1402 3567 1529 3615 linea
1557 3575 1643 3627 est,
1684 3568 1804 3616 haec
1839 3582 1953 3616 vero
1981 3583 2223 3621 numerus,
2286 3569 2396 3619 Non

0 3625 18 3705 ἶ,
67 3658 69 3664 ·
149 3643 274 3690 enim
315 3638 668 3704 contemplatur
704 3654 862 3702 neque
900 3641 1022 3689 haec
1059 3639 1246 3688 radium
1287 3642 1532 3699 visorium,
1573 3642 1663 3688 nisi
1691 3646 1929 3703 quatenus
1955 3641 2084 3690 linea
2111 3648 2197 3704 est,
2237 3657 2396 3706 neque

0 3711 1 3722 ³
68 3722 74 3743 ¹-
150 3713 240 3763 illa
277 3727 472 3772 vocem,
523 3715 617 3760 nisi
657 3718 897 3775 quatenus
946 3728 1188 3761 numerus.
1265 3712 1374 3761 Hae
1413 3715 1539 3761 enim
1590 3719 1701 3761 sunt
1738 3713 1929 3762 illorum
1968 3716 2208 3776 genuinae
2246 3717 2396 3766 affee-

73 3831 75 3834 .
150 3787 324 3835 tiones.
402 3786 484 3834 Sic
522 3792 570 3834 et
608 3785 904 3835 mechanice.
957 3787 1130 3848 Itaque
1169 3787 1210 3833 si
1249 3788 1358 3848 quis
1400 3786 1458 3834 de
1499 3786 1676 3834 talibus
1725 3793 1839 3849 agat
1879 3793 2110 3850 tanquam
2151 3788 2209 3838 de
2248 3804 2396 3854 sepa-

75 3892 77 3913 2
149 3861 267 3908 ratis
306 3859 368 3908 ab
408 3859 519 3906 aliis
558 3858 904 3920 accidentibus,
945 3867 992 3908 et
1032 3865 1273 3922 quatenus
1312 3858 1429 3907 talia
1469 3866 1593 3918 sunt,
1635 3861 1675 3907 is
1713 3862 1759 3906 in
1799 3859 1982 3909 nullum
2023 3867 2278 3926 propterea
2317 3878 2395 3912 er·-

149 3943 305 3985 torem
344 3931 538 3994 incidet,
578 3932 704 3982 sicut
740 3946 899 3997 neque
936 3938 1065 3995 tunc,
1106 3946 1212 3981 cum
1252 3933 1301 3979 in
1340 3931 1507 3982 tabula
1545 3932 1720 3983 lineam
1748 3935 1902 3999 pingit
1929 3949 2132 4007 eamque
2170 3935 2394 4002 pedalem
