<?xml version="1.0" encoding="UTF-8"?>
<!DOCTYPE html PUBLIC "-//W3C//DTD XHTML 1.0 Transitional//EN"
    "http://www.w3.org/TR/xhtml1/DTD/xhtml1-transitional.dtd">
<html xmlns="http://www.w3.org/1999/xhtml" xml:lang="en" lang="en">
 <head>
  <title>
</title>
<meta http-equiv="Content-Type" content="text/html;charset=utf-8" />
  <meta name='ocr-system' content='tesseract 3.04.00' />
  <meta name='ocr-capabilities' content='ocr_page ocr_carea ocr_par ocr_line ocrx_word'/>
</head>
<body>
  <div class='ocr_page' id='page_1' title='image "./operaomniaedidit81kepluoft_0243.png"; bbox 0 0 2652 4088; ppageno 0'>
   <div class='ocr_carea' id='block_1_1' title="bbox 987 172 2341 238">
    <p class='ocr_par' dir='ltr' id='par_1_1' title="bbox 987 172 2341 238">
     <span class='ocr_line' id='line_1_1' title="bbox 987 172 2341 238; baseline 0.01 -18"><span class='ocrx_word' id='word_1_1' title='bbox 987 172 1074 224; x_wconf 84' lang='lat'><strong>111.</strong></span> <span class='ocrx_word' id='word_1_2' title='bbox 1101 174 1432 224; x_wconf 76' lang='lat' dir='ltr'><strong>Astronomica.</strong></span> <span class='ocrx_word' id='word_1_3' title='bbox 2235 178 2341 238; x_wconf 80' lang='lat'><strong>229</strong></span> 
     </span>
    </p>
   </div>
   <div class='ocr_carea' id='block_1_2' title="bbox 509 330 1908 393">
    <p class='ocr_par' dir='ltr' id='par_1_2' title="bbox 509 330 1908 393">
     <span class='ocr_line' id='line_1_2' title="bbox 509 330 1908 393; baseline 0.001 -13"><span class='ocrx_word' id='word_1_4' title='bbox 509 330 897 380; x_wconf 78' lang='lat' dir='ltr'><strong>Consideratio</strong></span> <span class='ocrx_word' id='word_1_5' title='bbox 936 330 1322 390; x_wconf 77' lang='lat' dir='ltr'><strong>hypotheseos</strong></span> <span class='ocrx_word' id='word_1_6' title='bbox 1361 333 1517 381; x_wconf 82' lang='lat' dir='ltr'><strong>circa</strong></span> <span class='ocrx_word' id='word_1_7' title='bbox 1553 335 1908 393; x_wconf 81' lang='lat' dir='ltr'><strong>aequantem.</strong></span> 
     </span>
    </p>
   </div>
   <div class='ocr_carea' id='block_1_3' title="bbox 2 432 2347 1227">
    <p class='ocr_par' dir='ltr' id='par_1_3' title="bbox 82 432 2346 863">
     <span class='ocr_line' id='line_1_3' title="bbox 262 432 2344 498; baseline 0 -16"><span class='ocrx_word' id='word_1_8' title='bbox 262 433 558 496; x_wconf 86' lang='lat' dir='ltr'><strong>Copernicus</strong></span> <span class='ocrx_word' id='word_1_9' title='bbox 610 439 902 496; x_wconf 83' lang='lat' dir='ltr'><strong>aequantem</strong></span> <span class='ocrx_word' id='word_1_10' title='bbox 957 432 1310 482; x_wconf 90' lang='lat' dir='ltr'><strong>Ptolemaicum</strong></span> <span class='ocrx_word' id='word_1_11' title='bbox 1358 435 1524 483; x_wconf 91' lang='lat' dir='ltr'><strong>retulit</strong></span> <span class='ocrx_word' id='word_1_12' title='bbox 1575 435 1622 481; x_wconf 85' lang='lat' dir='ltr'><strong>in</strong></span> <span class='ocrx_word' id='word_1_13' title='bbox 1668 449 1873 497; x_wconf 89' lang='lat' dir='ltr'><strong>parvum</strong></span> <span class='ocrx_word' id='word_1_14' title='bbox 1925 434 2191 496; x_wconf 84' lang='lat' dir='ltr'><strong>circellum,</strong></span> <span class='ocrx_word' id='word_1_15' title='bbox 2247 449 2344 498; x_wconf 91' lang='lat' dir='ltr'><strong>quo</strong></span> 
     </span>
     <span class='ocr_line' id='line_1_4' title="bbox 89 505 2346 571; baseline 0 -16"><span class='ocrx_word' id='word_1_16' title='bbox 89 505 236 556; x_wconf 88' lang='lat' dir='ltr'><strong>modo</strong></span> <span class='ocrx_word' id='word_1_17' title='bbox 276 508 525 570; x_wconf 84' lang='lat' dir='ltr'><strong>componit</strong></span> <span class='ocrx_word' id='word_1_18' title='bbox 562 506 788 570; x_wconf 90' lang='lat' dir='ltr'><strong>planetae</strong></span> <span class='ocrx_word' id='word_1_19' title='bbox 826 511 1010 554; x_wconf 90' lang='lat' dir='ltr'><strong>motum</strong></span> <span class='ocrx_word' id='word_1_20' title='bbox 1051 522 1106 555; x_wconf 84' lang='lat' dir='ltr'><strong>ex</strong></span> <span class='ocrx_word' id='word_1_21' title='bbox 1151 509 1179 554; x_wconf 84' lang='lat'>2</span> <span class='ocrx_word' id='word_1_22' title='bbox 1222 508 1436 567; x_wconf 89' lang='lat' dir='ltr'><strong>circulis,</strong></span> <span class='ocrx_word' id='word_1_23' title='bbox 1486 513 1541 555; x_wconf 90' lang='lat' dir='ltr'><strong>ut</strong></span> <span class='ocrx_word' id='word_1_24' title='bbox 1577 522 1675 554; x_wconf 90' lang='lat' dir='ltr'><strong>non</strong></span> <span class='ocrx_word' id='word_1_25' title='bbox 1715 508 1777 555; x_wconf 90' lang='lat' dir='ltr'><strong>sit</strong></span> <span class='ocrx_word' id='word_1_26' title='bbox 1815 509 1883 555; x_wconf 90' lang='lat' dir='ltr'><strong>ita</strong></span> <span class='ocrx_word' id='word_1_27' title='bbox 1921 508 2150 571; x_wconf 89' lang='lat' dir='ltr'><strong>simplex,</strong></span> <span class='ocrx_word' id='word_1_28' title='bbox 2205 515 2258 557; x_wconf 92' lang='lat' dir='ltr'><strong>ut</strong></span> <span class='ocrx_word' id='word_1_29' title='bbox 2297 510 2346 555; x_wconf 92' lang='lat' dir='ltr'><strong>in</strong></span> 
     </span>
     <span class='ocr_line' id='line_1_5' title="bbox 87 579 2346 644; baseline 0.001 -16"><span class='ocrx_word' id='word_1_30' title='bbox 87 580 386 629; x_wconf 84' lang='lat' dir='ltr'><strong>Ptolemaeo.</strong></span> <span class='ocrx_word' id='word_1_31' title='bbox 463 579 654 629; x_wconf 79' lang='lat' dir='ltr'><strong>Deinde</strong></span> <span class='ocrx_word' id='word_1_32' title='bbox 709 579 845 628; x_wconf 87' lang='lat' dir='ltr'><strong>deest</strong></span> <span class='ocrx_word' id='word_1_33' title='bbox 882 582 1033 627; x_wconf 87' lang='lat' dir='ltr'><strong>motui</strong></span> <span class='ocrx_word' id='word_1_34' title='bbox 1082 579 1162 627; x_wconf 86' lang='lat' dir='ltr'><strong>vel</strong></span> <span class='ocrx_word' id='word_1_35' title='bbox 1203 583 1512 630; x_wconf 88' lang='lat' dir='ltr'><strong>circumactui</strong></span> <span class='ocrx_word' id='word_1_36' title='bbox 1552 579 1760 642; x_wconf 79' lang='lat' dir='ltr'><strong>aliquid,</strong></span> <span class='ocrx_word' id='word_1_37' title='bbox 1809 586 1863 628; x_wconf 92' lang='lat' dir='ltr'><strong>ut</strong></span> <span class='ocrx_word' id='word_1_38' title='bbox 1901 596 1997 628; x_wconf 90' lang='lat' dir='ltr'><strong>non</strong></span> <span class='ocrx_word' id='word_1_39' title='bbox 2037 584 2098 629; x_wconf 92' lang='lat' dir='ltr'><strong>sit</strong></span> <span class='ocrx_word' id='word_1_40' title='bbox 2136 583 2346 644; x_wconf 80' lang='lat' dir='ltr'><strong>perfecte</strong></span> 
     </span>
     <span class='ocr_line' id='line_1_6' title="bbox 88 652 2346 716; baseline 0 -14"><span class='ocrx_word' id='word_1_41' title='bbox 88 653 334 703; x_wconf 87' lang='lat' dir='ltr'><strong>circularis</strong></span> <span class='ocrx_word' id='word_1_42' title='bbox 385 660 439 701; x_wconf 93' lang='lat' dir='ltr'><strong>ut</strong></span> <span class='ocrx_word' id='word_1_43' title='bbox 491 652 620 716; x_wconf 91' lang='lat' dir='ltr'><strong>apud</strong></span> <span class='ocrx_word' id='word_1_44' title='bbox 659 653 1013 701; x_wconf 82' lang='lat' dir='ltr'><strong>Ptolemaeum.</strong></span> <span class='ocrx_word' id='word_1_45' title='bbox 1089 653 1191 701; x_wconf 92' lang='lat' dir='ltr'><strong>Nec</strong></span> <span class='ocrx_word' id='word_1_46' title='bbox 1228 654 1392 713; x_wconf 79' lang='lat' dir='ltr'><strong>refert,</strong></span> <span class='ocrx_word' id='word_1_47' title='bbox 1447 669 1615 716; x_wconf 85' lang='lat' dir='ltr'><strong>parum</strong></span> <span class='ocrx_word' id='word_1_48' title='bbox 1656 654 1842 702; x_wconf 85' lang='lat' dir='ltr'><strong>differre</strong></span> <span class='ocrx_word' id='word_1_49' title='bbox 1881 669 1912 702; x_wconf 89' lang='lat' dir='ltr'><strong>a</strong></span> <span class='ocrx_word' id='word_1_50' title='bbox 1951 654 2144 705; x_wconf 81' lang='lat' dir='ltr'><strong>circulo,</strong></span> <span class='ocrx_word' id='word_1_51' title='bbox 2217 655 2346 703; x_wconf 90' lang='lat' dir='ltr'><strong>Num</strong></span> 
     </span>
     <span class='ocr_line' id='line_1_7' title="bbox 82 725 2346 790; baseline 0.002 -19"><span class='ocrx_word' id='word_1_52' title='bbox 82 727 187 790; x_wconf 86' lang='lat' dir='ltr'><strong>jam</strong></span> <span class='ocrx_word' id='word_1_53' title='bbox 236 733 396 774; x_wconf 89' lang='lat' dir='ltr'><strong>actum</strong></span> <span class='ocrx_word' id='word_1_54' title='bbox 447 733 520 774; x_wconf 89' lang='lat' dir='ltr'><strong>est</strong></span> <span class='ocrx_word' id='word_1_55' title='bbox 570 725 628 774; x_wconf 91' lang='lat' dir='ltr'><strong>de</strong></span> <span class='ocrx_word' id='word_1_56' title='bbox 680 726 997 788; x_wconf 83' lang='lat' dir='ltr'><strong>perfectione,</strong></span> <span class='ocrx_word' id='word_1_57' title='bbox 1046 728 1087 773; x_wconf 92' lang='lat' dir='ltr'><strong>si</strong></span> <span class='ocrx_word' id='word_1_58' title='bbox 1140 726 1290 774; x_wconf 89' lang='lat' dir='ltr'><strong>latum</strong></span> <span class='ocrx_word' id='word_1_59' title='bbox 1345 742 1555 789; x_wconf 86' lang='lat' dir='ltr'><strong>unguem</strong></span> <span class='ocrx_word' id='word_1_60' title='bbox 1606 726 1814 786; x_wconf 86' lang='lat' dir='ltr'><strong>differat,</strong></span> <span class='ocrx_word' id='word_1_61' title='bbox 1864 734 1918 776; x_wconf 92' lang='lat' dir='ltr'><strong>ut</strong></span> <span class='ocrx_word' id='word_1_62' title='bbox 1957 729 2003 774; x_wconf 90' lang='lat' dir='ltr'><strong>in</strong></span> <span class='ocrx_word' id='word_1_63' title='bbox 2050 730 2346 790; x_wconf 85' lang='lat' dir='ltr'><strong>geometrica</strong></span> 
     </span>
     <span class='ocr_line' id='line_1_8' title="bbox 86 798 2344 863; baseline 0.001 -16"><span class='ocrx_word' id='word_1_64' title='bbox 86 798 483 863; x_wconf 79' lang='lat' dir='ltr'><strong>pulchritudine?</strong></span> <span class='ocrx_word' id='word_1_65' title='bbox 526 798 666 846; x_wconf 90' lang='lat' dir='ltr'><strong>Adde</strong></span> <span class='ocrx_word' id='word_1_66' title='bbox 706 798 835 859; x_wconf 90' lang='lat' dir='ltr'><strong>quod</strong></span> <span class='ocrx_word' id='word_1_67' title='bbox 876 798 1198 847; x_wconf 85' lang='lat' dir='ltr'><strong>difficilisest</strong></span> <span class='ocrx_word' id='word_1_68' title='bbox 1237 807 1519 863; x_wconf 88' lang='lat' dir='ltr'><strong>computatu</strong></span> <span class='ocrx_word' id='word_1_69' title='bbox 1561 799 1813 861; x_wconf 90' lang='lat' dir='ltr'><strong>Copernici</strong></span> <span class='ocrx_word' id='word_1_70' title='bbox 1854 800 2044 852; x_wconf 87' lang='lat' dir='ltr'><strong>modus.</strong></span> <span class='ocrx_word' id='word_1_71' title='bbox 2120 801 2344 862; x_wconf 88' lang='lat' dir='ltr'><strong>Denique</strong></span> 
     </span>
    </p>

    <p class='ocr_par' dir='ltr' id='par_1_4' title="bbox 2 871 2347 1227">
     <span class='ocr_line' id='line_1_9' title="bbox 27 871 2347 934; baseline 0 -14"><span class='ocrx_word' id='word_1_72' title='bbox 27 893 31 898; x_wconf 57' lang='grc'><em>“</em></span> <span class='ocrx_word' id='word_1_73' title='bbox 88 887 183 921; x_wconf 91' lang='lat' dir='ltr'><strong>non</strong></span> <span class='ocrx_word' id='word_1_74' title='bbox 225 872 355 921; x_wconf 90' lang='lat' dir='ltr'><strong>cadit</strong></span> <span class='ocrx_word' id='word_1_75' title='bbox 392 874 440 918; x_wconf 92' lang='lat' dir='ltr'><strong>in</strong></span> <span class='ocrx_word' id='word_1_76' title='bbox 481 871 939 934; x_wconf 89' lang='lat' dir='ltr'><strong>contemplationem</strong></span> <span class='ocrx_word' id='word_1_77' title='bbox 979 874 1335 933; x_wconf 82' lang='lat' dir='ltr'><strong>geometricam.</strong></span> <span class='ocrx_word' id='word_1_78' title='bbox 1403 873 1493 920; x_wconf 90' lang='lat' dir='ltr'><strong>His</strong></span> <span class='ocrx_word' id='word_1_79' title='bbox 1529 873 1587 920; x_wconf 89' lang='lat' dir='ltr'><strong>de</strong></span> <span class='ocrx_word' id='word_1_80' title='bbox 1627 875 1786 920; x_wconf 90' lang='lat' dir='ltr'><strong>causis</strong></span> <span class='ocrx_word' id='word_1_81' title='bbox 1812 873 2158 921; x_wconf 74' lang='lat' dir='ltr'><strong>ptolemaicam</strong></span> <span class='ocrx_word' id='word_1_82' title='bbox 2199 876 2347 934; x_wconf 77' lang='lat' dir='ltr'><strong>viam,</strong></span> 
     </span>
     <span class='ocr_line' id='line_1_10' title="bbox 27 944 2347 1009; baseline 0 -15"><span class='ocrx_word' id='word_1_83' title='bbox 27 955 30 958; x_wconf 83' lang='grc'>’</span> <span class='ocrx_word' id='word_1_84' title='bbox 87 961 233 1009; x_wconf 90' lang='lat' dir='ltr'><strong>quam</strong></span> <span class='ocrx_word' id='word_1_85' title='bbox 261 944 558 1007; x_wconf 87' lang='lat' dir='ltr'><strong>Copernicus</strong></span> <span class='ocrx_word' id='word_1_86' title='bbox 595 945 843 1006; x_wconf 88' lang='lat' dir='ltr'><strong>rejecerat,</strong></span> <span class='ocrx_word' id='word_1_87' title='bbox 883 947 1103 1004; x_wconf 90' lang='lat' dir='ltr'><strong>resumsi,</strong></span> <span class='ocrx_word' id='word_1_88' title='bbox 1145 960 1252 994; x_wconf 88' lang='lat' dir='ltr'><strong>cum</strong></span> <span class='ocrx_word' id='word_1_89' title='bbox 1293 961 1441 994; x_wconf 87' lang='lat' dir='ltr'><strong>causa</strong></span> <span class='ocrx_word' id='word_1_90' title='bbox 1478 945 1714 993; x_wconf 88' lang='lat' dir='ltr'><strong>naturalis</strong></span> <span class='ocrx_word' id='word_1_91' title='bbox 1754 947 1952 994; x_wconf 81' lang='lat' dir='ltr'><strong>inventa</strong></span> <span class='ocrx_word' id='word_1_92' title='bbox 1992 948 2068 1005; x_wconf 91' lang='lat' dir='ltr'><strong>sit,</strong></span> <span class='ocrx_word' id='word_1_93' title='bbox 2111 947 2171 994; x_wconf 92' lang='lat' dir='ltr'><strong>ob</strong></span> <span class='ocrx_word' id='word_1_94' title='bbox 2200 962 2347 1008; x_wconf 89' lang='lat' dir='ltr'><strong>quam</strong></span> 
     </span>
     <span class='ocr_line' id='line_1_11' title="bbox 85 1019 2343 1084; baseline 0 -18"><span class='ocrx_word' id='word_1_95' title='bbox 85 1019 287 1084; x_wconf 85' lang='lat' dir='ltr'><strong>planeta</strong></span> <span class='ocrx_word' id='word_1_96' title='bbox 324 1032 470 1079; x_wconf 88' lang='lat' dir='ltr'><strong>super</strong></span> <span class='ocrx_word' id='word_1_97' title='bbox 508 1031 598 1064; x_wconf 90' lang='lat' dir='ltr'><strong>suo</strong></span> <span class='ocrx_word' id='word_1_98' title='bbox 638 1024 803 1065; x_wconf 89' lang='lat' dir='ltr'><strong>centro</strong></span> <span class='ocrx_word' id='word_1_99' title='bbox 846 1019 1167 1079; x_wconf 81' lang='lat' dir='ltr'><strong>inaequaliter</strong></span> <span class='ocrx_word' id='word_1_100' title='bbox 1206 1019 1414 1068; x_wconf 78' lang='lat' dir='ltr'><strong>incedat.</strong></span> <span class='ocrx_word' id='word_1_101' title='bbox 1481 1019 1605 1066; x_wconf 91' lang='lat' dir='ltr'><strong>Nam</strong></span> <span class='ocrx_word' id='word_1_102' title='bbox 1643 1020 1848 1080; x_wconf 87' lang='lat' dir='ltr'><strong>primum</strong></span> <span class='ocrx_word' id='word_1_103' title='bbox 1888 1019 2007 1065; x_wconf 90' lang='lat' dir='ltr'><strong>nulli</strong></span> <span class='ocrx_word' id='word_1_104' title='bbox 2036 1026 2148 1066; x_wconf 91' lang='lat' dir='ltr'><strong>sunt</strong></span> <span class='ocrx_word' id='word_1_105' title='bbox 2175 1021 2343 1081; x_wconf 86' lang='lat' dir='ltr'><strong>orbes3</strong></span> 
     </span>
     <span class='ocr_line' id='line_1_12' title="bbox 2 1090 2347 1153; baseline 0 -13"><span class='ocrx_word' id='word_1_106' title='bbox 2 1137 3 1147; x_wconf 67' lang='grc'>,</span> <span class='ocrx_word' id='word_1_107' title='bbox 87 1105 185 1140; x_wconf 90' lang='lat' dir='ltr'><strong>non</strong></span> <span class='ocrx_word' id='word_1_108' title='bbox 226 1091 372 1139; x_wconf 88' lang='lat' dir='ltr'><strong>debet</strong></span> <span class='ocrx_word' id='word_1_109' title='bbox 410 1092 559 1152; x_wconf 82' lang='lat' dir='ltr'><strong>igitur</strong></span> <span class='ocrx_word' id='word_1_110' title='bbox 596 1090 777 1137; x_wconf 88' lang='lat' dir='ltr'><strong>turbari</strong></span> <span class='ocrx_word' id='word_1_111' title='bbox 820 1090 1144 1153; x_wconf 87' lang='lat' dir='ltr'><strong>Copernicus‚</strong></span> <span class='ocrx_word' id='word_1_112' title='bbox 1187 1092 1317 1152; x_wconf 88' lang='lat' dir='ltr'><strong>quod</strong></span> <span class='ocrx_word' id='word_1_113' title='bbox 1357 1092 1554 1153; x_wconf 85' lang='lat' dir='ltr'><strong>fingitur</strong></span> <span class='ocrx_word' id='word_1_114' title='bbox 1593 1091 1718 1139; x_wconf 82' lang='lat' dir='ltr'><strong>idem</strong></span> <span class='ocrx_word' id='word_1_115' title='bbox 1762 1094 1890 1139; x_wconf 89' lang='lat' dir='ltr'><strong>orbis</strong></span> <span class='ocrx_word' id='word_1_116' title='bbox 1931 1091 2170 1139; x_wconf 88' lang='lat' dir='ltr'><strong>interdum</strong></span> <span class='ocrx_word' id='word_1_117' title='bbox 2210 1092 2347 1141; x_wconf 90' lang='lat' dir='ltr'><strong>tarde</strong></span> 
     </span>
     <span class='ocr_line' id='line_1_13' title="bbox 2 1162 2345 1227; baseline -0 -13"><span class='ocrx_word' id='word_1_118' title='bbox 2 1176 5 1197; x_wconf 69' lang='lat'>‘</span> <span class='ocrx_word' id='word_1_119' title='bbox 86 1164 330 1222; x_wconf 86' lang='lat' dir='ltr'><strong>incedens,</strong></span> <span class='ocrx_word' id='word_1_120' title='bbox 370 1163 609 1210; x_wconf 88' lang='lat' dir='ltr'><strong>interdum</strong></span> <span class='ocrx_word' id='word_1_121' title='bbox 651 1162 898 1213; x_wconf 82' lang='lat' dir='ltr'><strong>velociter.</strong></span> <span class='ocrx_word' id='word_1_122' title='bbox 967 1163 1157 1212; x_wconf 88' lang='lat' dir='ltr'><strong>Deinde</strong></span> <span class='ocrx_word' id='word_1_123' title='bbox 1195 1163 1442 1226; x_wconf 81' lang='lat' dir='ltr'><strong>planetam</strong></span> <span class='ocrx_word' id='word_1_124' title='bbox 1481 1179 1567 1227; x_wconf 90' lang='lat' dir='ltr'><strong>pro</strong></span> <span class='ocrx_word' id='word_1_125' title='bbox 1608 1179 1806 1212; x_wconf 88' lang='lat' dir='ltr'><strong>accessu</strong></span> <span class='ocrx_word' id='word_1_126' title='bbox 1847 1164 1925 1212; x_wconf 92' lang='lat' dir='ltr'><strong>vel</strong></span> <span class='ocrx_word' id='word_1_127' title='bbox 1955 1179 2144 1213; x_wconf 89' lang='lat' dir='ltr'><strong>recessu</strong></span> <span class='ocrx_word' id='word_1_128' title='bbox 2175 1181 2204 1213; x_wconf 89' lang='lat' dir='ltr'><strong>a</strong></span> <span class='ocrx_word' id='word_1_129' title='bbox 2231 1165 2345 1214; x_wconf 89' lang='lat' dir='ltr'><strong>Sole</strong></span> 
     </span>
    </p>
   </div>
   <div class='ocr_carea' id='block_1_4' title="bbox 0 1308 2365 3941">
    <p class='ocr_par' dir='ltr' id='par_1_5' title="bbox 3 1308 2365 1875">
     <span class='ocr_line' id='line_1_14' title="bbox 10 1308 2348 1373; baseline -0.001 -13"><span class='ocrx_word' id='word_1_130' title='bbox 10 1367 11 1370; x_wconf 8' lang='grc' dir='ltr'><strong>Ἴ</strong></span> <span class='ocrx_word' id='word_1_131' title='bbox 89 1313 187 1361; x_wconf 91' lang='lat' dir='ltr'><strong>bini</strong></span> <span class='ocrx_word' id='word_1_132' title='bbox 231 1311 512 1372; x_wconf 88' lang='lat' dir='ltr'><strong>comparati.</strong></span> <span class='ocrx_word' id='word_1_133' title='bbox 591 1308 744 1371; x_wconf 88' lang='lat' dir='ltr'><strong>Cujus</strong></span> <span class='ocrx_word' id='word_1_134' title='bbox 784 1311 909 1357; x_wconf 87' lang='lat' dir='ltr'><strong>enim</strong></span> <span class='ocrx_word' id='word_1_135' title='bbox 951 1316 1025 1358; x_wconf 86' lang='lat' dir='ltr'><strong>est</strong></span> <span class='ocrx_word' id='word_1_136' title='bbox 1063 1310 1253 1372; x_wconf 85' lang='lat' dir='ltr'><strong>longior</strong></span> <span class='ocrx_word' id='word_1_137' title='bbox 1291 1311 1481 1371; x_wconf 62' lang='lat' dir='ltr'><strong>radim,</strong></span> <span class='ocrx_word' id='word_1_138' title='bbox 1533 1311 1725 1372; x_wconf 84' lang='lat' dir='ltr'><strong>longior</strong></span> <span class='ocrx_word' id='word_1_139' title='bbox 1765 1313 1911 1360; x_wconf 87' lang='lat' dir='ltr'><strong>etiam</strong></span> <span class='ocrx_word' id='word_1_140' title='bbox 1952 1317 2023 1358; x_wconf 87' lang='lat' dir='ltr'><strong>est</strong></span> <span class='ocrx_word' id='word_1_141' title='bbox 2065 1312 2110 1357; x_wconf 91' lang='lat' dir='ltr'><strong>in</strong></span> <span class='ocrx_word' id='word_1_142' title='bbox 2152 1311 2348 1373; x_wconf 89' lang='lat' dir='ltr'><strong>aequali</strong></span> 
     </span>
     <span class='ocr_line' id='line_1_15' title="bbox 12 1381 2348 1448; baseline -0.001 -14"><span class='ocrx_word' id='word_1_143' title='bbox 12 1442 13 1446; x_wconf 10' lang='grc' dir='ltr'><strong>Ἰ</strong></span> <span class='ocrx_word' id='word_1_144' title='bbox 87 1386 244 1448; x_wconf 85' lang='lat' dir='ltr'><strong>spatio</strong></span> <span class='ocrx_word' id='word_1_145' title='bbox 285 1398 431 1432; x_wconf 88' lang='lat' dir='ltr'><strong>mora.</strong></span> <span class='ocrx_word' id='word_1_146' title='bbox 510 1381 659 1431; x_wconf 92' lang='lat' dir='ltr'><strong>Porro</strong></span> <span class='ocrx_word' id='word_1_147' title='bbox 701 1382 970 1431; x_wconf 84' lang='lat' dir='ltr'><strong>differentia</strong></span> <span class='ocrx_word' id='word_1_148' title='bbox 1009 1383 1130 1431; x_wconf 89' lang='lat' dir='ltr'><strong>haec</strong></span> <span class='ocrx_word' id='word_1_149' title='bbox 1170 1389 1260 1441; x_wconf 85' lang='lat' dir='ltr'><strong>est,</strong></span> <span class='ocrx_word' id='word_1_150' title='bbox 1306 1384 1437 1446; x_wconf 88' lang='lat' dir='ltr'><strong>quod</strong></span> <span class='ocrx_word' id='word_1_151' title='bbox 1477 1386 1524 1431; x_wconf 92' lang='lat' dir='ltr'><strong>in</strong></span> <span class='ocrx_word' id='word_1_152' title='bbox 1566 1385 1692 1432; x_wconf 89' lang='lat' dir='ltr'><strong>binis</strong></span> <span class='ocrx_word' id='word_1_153' title='bbox 1733 1390 1779 1432; x_wconf 90' lang='lat' dir='ltr'><strong>et</strong></span> <span class='ocrx_word' id='word_1_154' title='bbox 1820 1385 1946 1432; x_wconf 90' lang='lat' dir='ltr'><strong>binis</strong></span> <span class='ocrx_word' id='word_1_155' title='bbox 1988 1398 2084 1430; x_wconf 89' lang='lat' dir='ltr'><strong>non</strong></span> <span class='ocrx_word' id='word_1_156' title='bbox 2127 1391 2201 1432; x_wconf 83' lang='lat' dir='ltr'><strong>est</strong></span> <span class='ocrx_word' id='word_1_157' title='bbox 2241 1396 2348 1432; x_wconf 89' lang='lat' dir='ltr'><strong>om-</strong></span> 
     </span>
     <span class='ocr_line' id='line_1_16' title="bbox 87 1455 2348 1520; baseline -0 -13"><span class='ocrx_word' id='word_1_158' title='bbox 87 1461 200 1508; x_wconf 90' lang='lat' dir='ltr'><strong>nino</strong></span> <span class='ocrx_word' id='word_1_159' title='bbox 249 1456 625 1520; x_wconf 89' lang='lat' dir='ltr'><strong>proportionalis</strong></span> <span class='ocrx_word' id='word_1_160' title='bbox 675 1457 878 1503; x_wconf 83' lang='lat' dir='ltr'><strong>tarditas</strong></span> <span class='ocrx_word' id='word_1_161' title='bbox 932 1457 1135 1504; x_wconf 88' lang='lat' dir='ltr'><strong>ambitui</strong></span> <span class='ocrx_word' id='word_1_162' title='bbox 1177 1455 1383 1520; x_wconf 85' lang='lat' dir='ltr'><strong>(alioqui</strong></span> <span class='ocrx_word' id='word_1_163' title='bbox 1424 1461 1464 1505; x_wconf 91' lang='lat' dir='ltr'><strong>si</strong></span> <span class='ocrx_word' id='word_1_164' title='bbox 1503 1464 1558 1505; x_wconf 90' lang='lat' dir='ltr'><strong>ut</strong></span> <span class='ocrx_word' id='word_1_165' title='bbox 1602 1463 1624 1506; x_wconf 92' lang='lat'>1</span> <span class='ocrx_word' id='word_1_166' title='bbox 1670 1457 1731 1505; x_wconf 89' lang='lat' dir='ltr'><strong>ad</strong></span> <span class='ocrx_word' id='word_1_167' title='bbox 1773 1463 1800 1507; x_wconf 85' lang='lat'><strong>3</strong></span> <span class='ocrx_word' id='word_1_168' title='bbox 1857 1457 2022 1505; x_wconf 88' lang='lat' dir='ltr'><strong>radius</strong></span> <span class='ocrx_word' id='word_1_169' title='bbox 2062 1457 2234 1505; x_wconf 88' lang='lat' dir='ltr'><strong>Martis</strong></span> <span class='ocrx_word' id='word_1_170' title='bbox 2286 1458 2348 1506; x_wconf 90' lang='lat' dir='ltr'><strong>ad</strong></span> 
     </span>
     <span class='ocr_line' id='line_1_17' title="bbox 3 1529 2346 1597; baseline -0 -17"><span class='ocrx_word' id='word_1_171' title='bbox 3 1592 5 1597; x_wconf 91' lang='lat'><strong>.</strong></span> <span class='ocrx_word' id='word_1_172' title='bbox 83 1531 311 1588; x_wconf 81' lang='lat' dir='ltr'><strong>Jovinm‚</strong></span> <span class='ocrx_word' id='word_1_173' title='bbox 364 1532 434 1578; x_wconf 91' lang='lat' dir='ltr'><strong>sic</strong></span> <span class='ocrx_word' id='word_1_174' title='bbox 481 1532 626 1578; x_wconf 89' lang='lat' dir='ltr'><strong>etiam</strong></span> <span class='ocrx_word' id='word_1_175' title='bbox 680 1535 809 1577; x_wconf 85' lang='lat' dir='ltr'><strong>esset</strong></span> <span class='ocrx_word' id='word_1_176' title='bbox 855 1537 1045 1593; x_wconf 88' lang='lat' dir='ltr'><strong>tempus</strong></span> <span class='ocrx_word' id='word_1_177' title='bbox 1087 1529 1259 1578; x_wconf 88' lang='lat' dir='ltr'><strong>Martis</strong></span> <span class='ocrx_word' id='word_1_178' title='bbox 1298 1530 1358 1578; x_wconf 90' lang='lat' dir='ltr'><strong>ad</strong></span> <span class='ocrx_word' id='word_1_179' title='bbox 1399 1537 1589 1594; x_wconf 89' lang='lat' dir='ltr'><strong>tempus</strong></span> <span class='ocrx_word' id='word_1_180' title='bbox 1628 1530 1772 1579; x_wconf 88' lang='lat' dir='ltr'><strong>Jovis</strong></span> <span class='ocrx_word' id='word_1_181' title='bbox 1823 1532 1872 1577; x_wconf 91' lang='lat' dir='ltr'><strong>in</strong></span> <span class='ocrx_word' id='word_1_182' title='bbox 1919 1531 2113 1592; x_wconf 89' lang='lat' dir='ltr'><strong>aequali</strong></span> <span class='ocrx_word' id='word_1_183' title='bbox 2169 1533 2346 1594; x_wconf 84' lang='lat' dir='ltr'><strong>spatio,</strong></span> 
     </span>
     <span class='ocr_line' id='line_1_18' title="bbox 81 1601 2347 1666; baseline -0 -13"><span class='ocrx_word' id='word_1_184' title='bbox 81 1604 179 1654; x_wconf 86' lang='lat' dir='ltr'><strong>alia</strong></span> <span class='ocrx_word' id='word_1_185' title='bbox 216 1603 350 1652; x_wconf 87' lang='lat' dir='ltr'><strong>fieret</strong></span> <span class='ocrx_word' id='word_1_186' title='bbox 387 1602 631 1666; x_wconf 86' lang='lat' dir='ltr'><strong>periodica</strong></span> <span class='ocrx_word' id='word_1_187' title='bbox 672 1601 958 1666; x_wconf 83' lang='lat' dir='ltr'><strong>revolutio),</strong></span> <span class='ocrx_word' id='word_1_188' title='bbox 1007 1602 1091 1652; x_wconf 90' lang='lat' dir='ltr'><strong>sed</strong></span> <span class='ocrx_word' id='word_1_189' title='bbox 1132 1609 1204 1651; x_wconf 91' lang='lat' dir='ltr'><strong>est</strong></span> <span class='ocrx_word' id='word_1_190' title='bbox 1253 1603 1454 1652; x_wconf 88' lang='lat' dir='ltr'><strong>consilio</strong></span> <span class='ocrx_word' id='word_1_191' title='bbox 1513 1604 1880 1653; x_wconf 84' lang='lat' dir='ltr'><strong>accommodata</strong></span> <span class='ocrx_word' id='word_1_192' title='bbox 1930 1603 1991 1652; x_wconf 89' lang='lat' dir='ltr'><strong>ad</strong></span> <span class='ocrx_word' id='word_1_193' title='bbox 2042 1605 2347 1653; x_wconf 84' lang='lat' dir='ltr'><strong>harmonicas</strong></span> 
     </span>
     <span class='ocr_line' id='line_1_19' title="bbox 5 1675 2365 1740; baseline -0.001 -13"><span class='ocrx_word' id='word_1_194' title='bbox 5 1678 7 1682; x_wconf 52' lang='lat'><em>⁴</em></span> <span class='ocrx_word' id='word_1_195' title='bbox 81 1679 315 1735; x_wconf 84' lang='lat' dir='ltr'><strong>rationes,</strong></span> <span class='ocrx_word' id='word_1_196' title='bbox 368 1678 418 1723; x_wconf 91' lang='lat' dir='ltr'><strong>in</strong></span> <span class='ocrx_word' id='word_1_197' title='bbox 469 1690 565 1724; x_wconf 90' lang='lat' dir='ltr'><strong>uno</strong></span> <span class='ocrx_word' id='word_1_198' title='bbox 612 1690 727 1723; x_wconf 88' lang='lat' dir='ltr'><strong>vero</strong></span> <span class='ocrx_word' id='word_1_199' title='bbox 768 1683 816 1724; x_wconf 89' lang='lat' dir='ltr'><strong>et</strong></span> <span class='ocrx_word' id='word_1_200' title='bbox 854 1675 1024 1724; x_wconf 89' lang='lat' dir='ltr'><strong>eodem</strong></span> <span class='ocrx_word' id='word_1_201' title='bbox 1064 1676 1267 1725; x_wconf 86' lang='lat' dir='ltr'><strong>tarditas</strong></span> <span class='ocrx_word' id='word_1_202' title='bbox 1310 1676 1386 1725; x_wconf 91' lang='lat' dir='ltr'><strong>vel</strong></span> <span class='ocrx_word' id='word_1_203' title='bbox 1427 1692 1562 1725; x_wconf 91' lang='lat' dir='ltr'><strong>mora</strong></span> <span class='ocrx_word' id='word_1_204' title='bbox 1611 1679 1805 1725; x_wconf 90' lang='lat' dir='ltr'><strong>omnino</strong></span> <span class='ocrx_word' id='word_1_205' title='bbox 1855 1678 2232 1740; x_wconf 87' lang='lat' dir='ltr'><strong>proportionalis</strong></span> <span class='ocrx_word' id='word_1_206' title='bbox 2273 1683 2365 1732; x_wconf 64' lang='lat' dir='ltr'><strong>est,</strong></span> 
     </span>
     <span class='ocr_line' id='line_1_20' title="bbox 20 1749 2346 1815; baseline -0 -15"><span class='ocrx_word' id='word_1_207' title='bbox 20 1780 21 1815; x_wconf 54' lang='lat'>3</span> <span class='ocrx_word' id='word_1_208' title='bbox 81 1750 354 1800; x_wconf 81' lang='lat' dir='ltr'><strong>distantiae.</strong></span> <span class='ocrx_word' id='word_1_209' title='bbox 416 1749 540 1797; x_wconf 86' lang='lat' dir='ltr'><strong>Nam</strong></span> <span class='ocrx_word' id='word_1_210' title='bbox 571 1764 696 1810; x_wconf 85' lang='lat' dir='ltr'><strong>quae</strong></span> <span class='ocrx_word' id='word_1_211' title='bbox 723 1749 846 1797; x_wconf 86' lang='lat' dir='ltr'><strong>alias</strong></span> <span class='ocrx_word' id='word_1_212' title='bbox 874 1756 1002 1798; x_wconf 90' lang='lat' dir='ltr'><strong>esset</strong></span> <span class='ocrx_word' id='word_1_213' title='bbox 1029 1751 1152 1798; x_wconf 86' lang='lat' dir='ltr'><strong>ratio</strong></span> <span class='ocrx_word' id='word_1_214' title='bbox 1180 1751 1647 1799; x_wconf 84' lang='lat' dir='ltr'><strong>accommodationis</strong></span> <span class='ocrx_word' id='word_1_215' title='bbox 1689 1753 2060 1800; x_wconf 85' lang='lat' dir='ltr'><strong>eccentricitatis</strong></span> <span class='ocrx_word' id='word_1_216' title='bbox 2088 1753 2346 1814; x_wconf 89' lang='lat' dir='ltr'><strong>aequantis</strong></span> 
     </span>
     <span class='ocr_line' id='line_1_21' title="bbox 20 1818 919 1875; baseline -0.003 -1.043"><span class='ocrx_word' id='word_1_217' title='bbox 20 1818 21 1824; x_wconf 33' lang='lat'>¹</span> <span class='ocrx_word' id='word_1_218' title='bbox 83 1824 146 1875; x_wconf 77' lang='lat' dir='ltr'><strong>ad</strong></span> <span class='ocrx_word' id='word_1_219' title='bbox 182 1824 586 1873; x_wconf 87' lang='lat' dir='ltr'><strong>eccentricitatem</strong></span> <span class='ocrx_word' id='word_1_220' title='bbox 628 1822 919 1871; x_wconf 81' lang='lat' dir='ltr'><strong>eccentrici‘?</strong></span> 
     </span>
    </p>

    <p class='ocr_par' dir='ltr' id='par_1_6' title="bbox 15 1890 2346 2400">
     <span class='ocr_line' id='line_1_22' title="bbox 255 1890 2341 1960; baseline 0 -15"><span class='ocrx_word' id='word_1_221' title='bbox 255 1897 478 1945; x_wconf 86' lang='lat' dir='ltr'><strong>Ceterum</strong></span> <span class='ocrx_word' id='word_1_222' title='bbox 520 1903 594 1944; x_wconf 90' lang='lat' dir='ltr'><strong>est</strong></span> <span class='ocrx_word' id='word_1_223' title='bbox 631 1890 1016 1958; x_wconf 85' lang='lat' dir='ltr'><strong>interjiciendum</strong></span> <span class='ocrx_word' id='word_1_224' title='bbox 1059 1911 1278 1955; x_wconf 83' lang='lat' dir='ltr'><strong>examen,</strong></span> <span class='ocrx_word' id='word_1_225' title='bbox 1319 1912 1378 1943; x_wconf 90' lang='lat' dir='ltr'><strong>an</strong></span> <span class='ocrx_word' id='word_1_226' title='bbox 1423 1896 1480 1948; x_wconf 82' lang='lat' dir='ltr'><strong>A.</strong></span> <span class='ocrx_word' id='word_1_227' title='bbox 1514 1902 1595 1946; x_wconf 90' lang='grc'><strong>96.</strong></span> <span class='ocrx_word' id='word_1_228' title='bbox 1635 1898 1680 1943; x_wconf 91' lang='lat' dir='ltr'><strong>in</strong></span> <span class='ocrx_word' id='word_1_229' title='bbox 1723 1896 1959 1960; x_wconf 87' lang='lat' dir='ltr'><strong>Mystcrio</strong></span> <span class='ocrx_word' id='word_1_230' title='bbox 1989 1903 2341 1956; x_wconf 76' lang='lat' dir='ltr'><strong>(V01.1.p.175.)</strong></span> 
     </span>
     <span class='ocr_line' id='line_1_23' title="bbox 81 1969 2344 2032; baseline -0.001 -12"><span class='ocrx_word' id='word_1_231' title='bbox 81 1975 208 2020; x_wconf 82' lang='lat' dir='ltr'><strong>recte</strong></span> <span class='ocrx_word' id='word_1_232' title='bbox 245 1970 414 2018; x_wconf 75' lang='lat' dir='ltr'><strong>fuerim</strong></span> <span class='ocrx_word' id='word_1_233' title='bbox 443 1976 688 2032; x_wconf 84' lang='lat' dir='ltr'><strong>operatus.</strong></span> <span class='ocrx_word' id='word_1_234' title='bbox 754 1969 960 2018; x_wconf 90' lang='lat' dir='ltr'><strong>Videtur</strong></span> <span class='ocrx_word' id='word_1_235' title='bbox 999 1977 1178 2029; x_wconf 89' lang='lat' dir='ltr'><strong>autem,</strong></span> <span class='ocrx_word' id='word_1_236' title='bbox 1218 1970 1349 2028; x_wconf 83' lang='lat' dir='ltr'><strong>quod</strong></span> <span class='ocrx_word' id='word_1_237' title='bbox 1389 1985 1502 2018; x_wconf 89' lang='lat' dir='ltr'><strong>non.</strong></span> <span class='ocrx_word' id='word_1_238' title='bbox 1568 1971 1689 2018; x_wconf 91' lang='lat' dir='ltr'><strong>Nam</strong></span> <span class='ocrx_word' id='word_1_239' title='bbox 1732 1970 1928 2032; x_wconf 87' lang='lat' dir='ltr'><strong>duplam</strong></span> <span class='ocrx_word' id='word_1_240' title='bbox 1970 1970 2065 2017; x_wconf 89' lang='lat' dir='ltr'><strong>dixi</strong></span> <span class='ocrx_word' id='word_1_241' title='bbox 2106 1971 2344 2018; x_wconf 88' lang='lat' dir='ltr'><strong>rationem</strong></span> 
     </span>
     <span class='ocr_line' id='line_1_24' title="bbox 80 2042 2343 2106; baseline -0.001 -13"><span class='ocrx_word' id='word_1_242' title='bbox 80 2044 246 2093; x_wconf 87' lang='lat' dir='ltr'><strong>haberi</strong></span> <span class='ocrx_word' id='word_1_243' title='bbox 289 2042 624 2091; x_wconf 87' lang='lat' dir='ltr'><strong>distantiarum</strong></span> <span class='ocrx_word' id='word_1_244' title='bbox 664 2045 710 2089; x_wconf 88' lang='lat' dir='ltr'><strong>in</strong></span> <span class='ocrx_word' id='word_1_245' title='bbox 739 2044 976 2102; x_wconf 84' lang='lat' dir='ltr'><strong>motibus3</strong></span> <span class='ocrx_word' id='word_1_246' title='bbox 1017 2043 1064 2089; x_wconf 88' lang='lat' dir='ltr'><strong>id</strong></span> <span class='ocrx_word' id='word_1_247' title='bbox 1107 2058 1201 2091; x_wconf 89' lang='lat' dir='ltr'><strong>non</strong></span> <span class='ocrx_word' id='word_1_248' title='bbox 1231 2050 1304 2092; x_wconf 90' lang='lat' dir='ltr'><strong>est</strong></span> <span class='ocrx_word' id='word_1_249' title='bbox 1334 2059 1496 2092; x_wconf 89' lang='lat' dir='ltr'><strong>verum</strong></span> <span class='ocrx_word' id='word_1_250' title='bbox 1528 2045 1639 2102; x_wconf 85' lang='lat' dir='ltr'><strong>(etsi</strong></span> <span class='ocrx_word' id='word_1_251' title='bbox 1681 2044 1974 2092; x_wconf 71' lang='lat' dir='ltr'><strong>conco-datur</strong></span> <span class='ocrx_word' id='word_1_252' title='bbox 2014 2043 2343 2106; x_wconf 85' lang='lat' dir='ltr'><strong>hypothesis),</strong></span> 
     </span>
     <span class='ocr_line' id='line_1_25' title="bbox 26 2116 2339 2180; baseline -0 -15.005"><span class='ocrx_word' id='word_1_253' title='bbox 26 2133 30 2154; x_wconf 72' lang='lat'>1</span> <span class='ocrx_word' id='word_1_254' title='bbox 82 2119 173 2166; x_wconf 87' lang='lat' dir='ltr'><strong>nisi</strong></span> <span class='ocrx_word' id='word_1_255' title='bbox 213 2117 295 2164; x_wconf 91' lang='lat' dir='ltr'><strong>ubi</strong></span> <span class='ocrx_word' id='word_1_256' title='bbox 351 2116 609 2164; x_wconf 88' lang='lat' dir='ltr'><strong>distantiae</strong></span> <span class='ocrx_word' id='word_1_257' title='bbox 658 2124 770 2164; x_wconf 86' lang='lat' dir='ltr'><strong>sunt</strong></span> <span class='ocrx_word' id='word_1_258' title='bbox 807 2119 854 2163; x_wconf 91' lang='lat' dir='ltr'><strong>in</strong></span> <span class='ocrx_word' id='word_1_259' title='bbox 895 2118 1205 2178; x_wconf 86' lang='lat' dir='ltr'><strong>proportione</strong></span> <span class='ocrx_word' id='word_1_260' title='bbox 1246 2117 1416 2180; x_wconf 85' lang='lat' dir='ltr'><strong>dupla,</strong></span> <span class='ocrx_word' id='word_1_261' title='bbox 1469 2117 1555 2165; x_wconf 90' lang='lat' dir='ltr'><strong>sed</strong></span> <span class='ocrx_word' id='word_1_262' title='bbox 1597 2123 1700 2165; x_wconf 85' lang='lat' dir='ltr'><strong>erat</strong></span> <span class='ocrx_word' id='word_1_263' title='bbox 1741 2119 1987 2179; x_wconf 85' lang='lat' dir='ltr'><strong>proportio</strong></span> <span class='ocrx_word' id='word_1_264' title='bbox 2030 2116 2339 2178; x_wconf 87' lang='lat' dir='ltr'><strong>duplicanda,</strong></span> 
     </span>
     <span class='ocr_line' id='line_1_26' title="bbox 16 2187 2346 2253; baseline -0 -14"><span class='ocrx_word' id='word_1_265' title='bbox 16 2187 19 2221; x_wconf 65' lang='grc'><strong>’-</strong></span> <span class='ocrx_word' id='word_1_266' title='bbox 81 2189 174 2239; x_wconf 84' lang='lat' dir='ltr'><strong>hoc</strong></span> <span class='ocrx_word' id='word_1_267' title='bbox 211 2191 367 2238; x_wconf 89' lang='lat' dir='ltr'><strong>estin</strong></span> <span class='ocrx_word' id='word_1_268' title='bbox 409 2205 515 2238; x_wconf 78' lang='lat' dir='ltr'><strong>sese</strong></span> <span class='ocrx_word' id='word_1_269' title='bbox 556 2189 798 2250; x_wconf 90' lang='lat' dir='ltr'><strong>ducenda,</strong></span> <span class='ocrx_word' id='word_1_270' title='bbox 859 2189 935 2237; x_wconf 88' lang='lat' dir='ltr'><strong>vel</strong></span> <span class='ocrx_word' id='word_1_271' title='bbox 986 2191 1284 2251; x_wconf 88' lang='lat' dir='ltr'><strong>compositae</strong></span> <span class='ocrx_word' id='word_1_272' title='bbox 1339 2198 1557 2238; x_wconf 85' lang='lat' dir='ltr'><strong>motuum</strong></span> <span class='ocrx_word' id='word_1_273' title='bbox 1614 2191 1967 2253; x_wconf 88' lang='lat' dir='ltr'><strong>periodicorum</strong></span> <span class='ocrx_word' id='word_1_274' title='bbox 2018 2192 2346 2252; x_wconf 87' lang='lat' dir='ltr'><strong>proportionis</strong></span> 
     </span>
     <span class='ocr_line' id='line_1_27' title="bbox 32 2262 2346 2326; baseline -0 -14"><span class='ocrx_word' id='word_1_275' title='bbox 32 2304 33 2312; x_wconf 71' lang='grc'>,</span> <span class='ocrx_word' id='word_1_276' title='bbox 82 2263 218 2312; x_wconf 81' lang='lat' dir='ltr'><strong>radix</strong></span> <span class='ocrx_word' id='word_1_277' title='bbox 258 2264 494 2326; x_wconf 89' lang='lat' dir='ltr'><strong>capienda</strong></span> <span class='ocrx_word' id='word_1_278' title='bbox 532 2277 617 2326; x_wconf 90' lang='lat' dir='ltr'><strong>pro</strong></span> <span class='ocrx_word' id='word_1_279' title='bbox 657 2265 970 2326; x_wconf 86' lang='lat' dir='ltr'><strong>proportione</strong></span> <span class='ocrx_word' id='word_1_280' title='bbox 1011 2262 1345 2311; x_wconf 89' lang='lat' dir='ltr'><strong>distantiarum</strong></span> <span class='ocrx_word' id='word_1_281' title='bbox 1388 2264 1463 2312; x_wconf 87' lang='lat' dir='ltr'><strong>vel</strong></span> <span class='ocrx_word' id='word_1_282' title='bbox 1505 2264 1787 2312; x_wconf 86' lang='lat' dir='ltr'><strong>tarditatum</strong></span> <span class='ocrx_word' id='word_1_283' title='bbox 1836 2264 2071 2325; x_wconf 81' lang='lat' dir='ltr'><strong>simplici,</strong></span> <span class='ocrx_word' id='word_1_284' title='bbox 2125 2263 2346 2311; x_wconf 86' lang='lat' dir='ltr'><strong>adhibita</strong></span> 
     </span>
     <span class='ocr_line' id='line_1_28' title="bbox 33 2336 1971 2400; baseline -0.001 -13"><span class='ocrx_word' id='word_1_285' title='bbox 33 2358 35 2363; x_wconf 65' lang='grc'>’</span> <span class='ocrx_word' id='word_1_286' title='bbox 85 2339 307 2387; x_wconf 74' lang='lat' dir='ltr'><strong>cautione</strong></span> <span class='ocrx_word' id='word_1_287' title='bbox 348 2336 407 2385; x_wconf 93' lang='lat' dir='ltr'><strong>de</strong></span> <span class='ocrx_word' id='word_1_288' title='bbox 446 2336 804 2397; x_wconf 83' lang='lat' dir='ltr'><strong>longitudinum</strong></span> <span class='ocrx_word' id='word_1_289' title='bbox 848 2336 1113 2385; x_wconf 88' lang='lat' dir='ltr'><strong>mediarum</strong></span> <span class='ocrx_word' id='word_1_290' title='bbox 1157 2345 1290 2385; x_wconf 89' lang='lat' dir='ltr'><strong>motu</strong></span> <span class='ocrx_word' id='word_1_291' title='bbox 1331 2353 1424 2385; x_wconf 91' lang='lat' dir='ltr'><strong>non</strong></span> <span class='ocrx_word' id='word_1_292' title='bbox 1466 2337 1694 2386; x_wconf 86' lang='lat' dir='ltr'><strong>mediocri</strong></span> <span class='ocrx_word' id='word_1_293' title='bbox 1736 2339 1971 2400; x_wconf 86' lang='lat' dir='ltr'><strong>praecise.</strong></span> 
     </span>
    </p>

    <p class='ocr_par' dir='ltr' id='par_1_7' title="bbox 23 2406 2341 2624">
     <span class='ocr_line' id='line_1_29' title="bbox 250 2406 2341 2477; baseline -0 -18"><span class='ocrx_word' id='word_1_294' title='bbox 250 2407 316 2459; x_wconf 89' lang='lat' dir='ltr'><strong>Ut</strong></span> <span class='ocrx_word' id='word_1_295' title='bbox 342 2406 379 2476; x_wconf 65' lang='grc' dir='ltr'>Β</span> <span class='ocrx_word' id='word_1_296' title='bbox 409 2416 456 2458; x_wconf 91' lang='lat' dir='ltr'><strong>et</strong></span> <span class='ocrx_word' id='word_1_297' title='bbox 491 2407 549 2477; x_wconf 62' lang='lat' dir='ltr'>Q</span> <span class='ocrx_word' id='word_1_298' title='bbox 580 2410 837 2472; x_wconf 89' lang='lat' dir='ltr'><strong>periodicis</strong></span> <span class='ocrx_word' id='word_1_299' title='bbox 866 2412 1076 2458; x_wconf 91' lang='lat' dir='ltr'><strong>motibus</strong></span> <span class='ocrx_word' id='word_1_300' title='bbox 1105 2410 1225 2458; x_wconf 90' lang='lat' dir='ltr'><strong>haec</strong></span> <span class='ocrx_word' id='word_1_301' title='bbox 1254 2411 1428 2459; x_wconf 83' lang='lat' dir='ltr'><strong>accidit</strong></span> <span class='ocrx_word' id='word_1_302' title='bbox 1455 2412 1733 2474; x_wconf 87' lang='lat' dir='ltr'><strong>proportio:</strong></span> <span class='ocrx_word' id='word_1_303' title='bbox 1768 2415 1958 2461; x_wconf 78' lang='grc'><strong>10759.</strong></span> <span class='ocrx_word' id='word_1_304' title='bbox 1987 2415 2066 2469; x_wconf 82' lang='lat'><strong>12,</strong></span> <span class='ocrx_word' id='word_1_305' title='bbox 2097 2413 2253 2460; x_wconf 80' lang='lat'><strong>4332.</strong></span> <span class='ocrx_word' id='word_1_306' title='bbox 2278 2414 2341 2458; x_wconf 82' lang='lat'><strong>37</strong></span> 
     </span>
     <span class='ocr_line' id='line_1_30' title="bbox 23 2484 2056 2553; baseline -0 -16"><span class='ocrx_word' id='word_1_307' title='bbox 23 2539 27 2546; x_wconf 62' lang='grc'>,</span> <span class='ocrx_word' id='word_1_308' title='bbox 83 2493 181 2553; x_wconf 75' lang='lat' dir='ltr'><strong>(err.</strong></span> <span class='ocrx_word' id='word_1_309' title='bbox 211 2497 246 2537; x_wconf 92' lang='lat'><strong>1.</strong></span> <span class='ocrx_word' id='word_1_310' title='bbox 290 2494 429 2548; x_wconf 85' lang='lat'><strong>173.);</strong></span> <span class='ocrx_word' id='word_1_311' title='bbox 471 2484 965 2550; x_wconf 60' lang='lat' dir='ltr'><strong>il6ffi552=803.46;</strong></span> <span class='ocrx_word' id='word_1_312' title='bbox 995 2484 1228 2550; x_wconf 57' lang='lat' dir='ltr'><strong>1s5&#39;59957</strong></span> <span class='ocrx_word' id='word_1_313' title='bbox 1252 2513 1308 2532; x_wconf 86' lang='lat'><strong><em>=</em></strong></span> <span class='ocrx_word' id='word_1_314' title='bbox 1331 2494 1489 2545; x_wconf 67' lang='lat' dir='ltr'><strong>boasss</strong></span> <span class='ocrx_word' id='word_1_315' title='bbox 1523 2494 1752 2553; x_wconf 73' lang='lat' dir='ltr'><strong>(2803‚4c)</strong></span> <span class='ocrx_word' id='word_1_316' title='bbox 1776 2512 1831 2531; x_wconf 86' lang='lat'><strong><em>=</em></strong></span> <span class='ocrx_word' id='word_1_317' title='bbox 1856 2494 2056 2546; x_wconf 54' lang='lat' dir='ltr'><strong>offirma.</strong></span> 
     </span>
     <span class='ocr_line' id='line_1_31' title="bbox 24 2558 2048 2624; baseline 0 -14"><span class='ocrx_word' id='word_1_318' title='bbox 24 2572 28 2587; x_wconf 74' lang='lat'>¹</span> <span class='ocrx_word' id='word_1_319' title='bbox 359 2565 433 2611; x_wconf 85' lang='lat' dir='ltr'><strong>Sic</strong></span> <span class='ocrx_word' id='word_1_320' title='bbox 463 2566 587 2611; x_wconf 87' lang='lat' dir='ltr'><strong>Mars</strong></span> <span class='ocrx_word' id='word_1_321' title='bbox 618 2566 756 2611; x_wconf 87' lang='lat' dir='ltr'><strong>habet</strong></span> <span class='ocrx_word' id='word_1_322' title='bbox 788 2567 886 2613; x_wconf 82' lang='lat'><strong>686.</strong></span> <span class='ocrx_word' id='word_1_323' title='bbox 907 2567 984 2622; x_wconf 84' lang='lat'><strong>593</strong></span> <span class='ocrx_word' id='word_1_324' title='bbox 1017 2558 1224 2624; x_wconf 69' lang='lat' dir='ltr'>V41219</span> <span class='ocrx_word' id='word_1_325' title='bbox 1252 2587 1308 2606; x_wconf 90' lang='lat'><strong><em>=</em></strong></span> <span class='ocrx_word' id='word_1_326' title='bbox 1330 2566 1489 2621; x_wconf 76' lang='lat'><strong>203,04</strong></span> <span class='ocrx_word' id='word_1_327' title='bbox 1513 2568 1531 2623; x_wconf 89' lang='lat'>(</span> <span class='ocrx_word' id='word_1_328' title='bbox 1551 2584 1560 2611; x_wconf 72' lang='grc' dir='ltr'>ι</span> <span class='ocrx_word' id='word_1_329' title='bbox 1579 2565 1758 2621; x_wconf 76' lang='lat'>509‚86)</span> <span class='ocrx_word' id='word_1_330' title='bbox 1782 2585 1836 2604; x_wconf 85' lang='lat'>=</span> <span class='ocrx_word' id='word_1_331' title='bbox 1860 2567 2048 2612; x_wconf 79' lang='lat'><strong>0.39823</strong></span> 
     </span>
    </p>

    <p class='ocr_par' dir='ltr' id='par_1_8' title="bbox 358 2630 2041 2697">
     <span class='ocr_line' id='line_1_32' title="bbox 358 2630 2041 2697; baseline -0.001 -13"><span class='ocrx_word' id='word_1_332' title='bbox 358 2644 403 2684; x_wconf 88' lang='lat' dir='ltr'><strong>et</strong></span> <span class='ocrx_word' id='word_1_333' title='bbox 432 2639 574 2683; x_wconf 85' lang='lat' dir='ltr'><strong>Terra</strong></span> <span class='ocrx_word' id='word_1_334' title='bbox 605 2639 746 2683; x_wconf 84' lang='lat' dir='ltr'><strong>habet</strong></span> <span class='ocrx_word' id='word_1_335' title='bbox 779 2640 877 2684; x_wconf 80' lang='lat'><strong>365.</strong></span> <span class='ocrx_word' id='word_1_336' title='bbox 906 2640 986 2696; x_wconf 86' lang='lat'><strong>15;</strong></span> <span class='ocrx_word' id='word_1_337' title='bbox 1021 2630 1225 2697; x_wconf 53' lang='lat' dir='ltr'><strong>lsffsfflf)</strong></span> <span class='ocrx_word' id='word_1_338' title='bbox 1248 2658 1304 2677; x_wconf 91' lang='lat'><strong><em>=</em></strong></span> <span class='ocrx_word' id='word_1_339' title='bbox 1334 2638 1490 2683; x_wconf 79' lang='lat'><strong>148.04</strong></span> <span class='ocrx_word' id='word_1_340' title='bbox 1515 2639 1754 2695; x_wconf 56' lang='lat'><strong>(220394)</strong></span> <span class='ocrx_word' id='word_1_341' title='bbox 1777 2658 1832 2676; x_wconf 89' lang='lat'>=</span> <span class='ocrx_word' id='word_1_342' title='bbox 1856 2639 2041 2693; x_wconf 79' lang='lat'>0‚7‘2911</span> 
     </span>
    </p>

    <p class='ocr_par' dir='ltr' id='par_1_9' title="bbox 340 2705 2047 2771">
     <span class='ocr_line' id='line_1_33' title="bbox 340 2705 2047 2771; baseline -0.001 -14"><span class='ocrx_word' id='word_1_343' title='bbox 340 2758 345 2762; x_wconf 81' lang='grc'><em>,</em></span> <span class='ocrx_word' id='word_1_344' title='bbox 427 2713 583 2758; x_wconf 78' lang='lat' dir='ltr'><strong>Venus</strong></span> <span class='ocrx_word' id='word_1_345' title='bbox 616 2712 753 2757; x_wconf 86' lang='lat' dir='ltr'><strong>habet</strong></span> <span class='ocrx_word' id='word_1_346' title='bbox 784 2713 884 2757; x_wconf 78' lang='lat'><strong>224.</strong></span> <span class='ocrx_word' id='word_1_347' title='bbox 909 2713 986 2770; x_wconf 81' lang='lat'><strong>423</strong></span> <span class='ocrx_word' id='word_1_348' title='bbox 1019 2705 1225 2771; x_wconf 60' lang='lat' dir='ltr'><strong>il13482</strong></span> <span class='ocrx_word' id='word_1_349' title='bbox 1248 2712 1479 2767; x_wconf 77' lang='lat'>=116‚11</span> <span class='ocrx_word' id='word_1_350' title='bbox 1510 2712 1833 2767; x_wconf 63' lang='lat'><strong>(2148.04)=</strong></span> <span class='ocrx_word' id='word_1_351' title='bbox 1857 2711 2047 2767; x_wconf 75' lang='lat'>0‚78432</span> 
     </span>
    </p>

    <p class='ocr_par' dir='ltr' id='par_1_10' title="bbox 0 2785 2347 3941">
     <span class='ocr_line' id='line_1_34' title="bbox 329 2785 2053 2843; baseline -0.002 -12"><span class='ocrx_word' id='word_1_352' title='bbox 329 2785 582 2831; x_wconf 87' lang='lat' dir='ltr'><strong>Mercurius</strong></span> <span class='ocrx_word' id='word_1_353' title='bbox 614 2785 752 2829; x_wconf 87' lang='lat' dir='ltr'><strong>habet</strong></span> <span class='ocrx_word' id='word_1_354' title='bbox 811 2785 881 2830; x_wconf 80' lang='lat'><strong>87.</strong></span> <span class='ocrx_word' id='word_1_355' title='bbox 905 2786 985 2837; x_wconf 67' lang='lat'><strong>5&amp;</strong></span> <span class='ocrx_word' id='word_1_356' title='bbox 1019 2792 1060 2843; x_wconf 78' lang='lat' dir='ltr'><em>V</em></span> <span class='ocrx_word' id='word_1_357' title='bbox 1112 2787 1226 2831; x_wconf 77' lang='lat'>5278</span> <span class='ocrx_word' id='word_1_358' title='bbox 1248 2805 1305 2824; x_wconf 89' lang='lat'>=</span> <span class='ocrx_word' id='word_1_359' title='bbox 1357 2786 1486 2840; x_wconf 60' lang='lat'><strong>7265</strong></span> <span class='ocrx_word' id='word_1_360' title='bbox 1511 2785 1749 2841; x_wconf 76' lang='lat'>(2116‚11)</span> <span class='ocrx_word' id='word_1_361' title='bbox 1775 2803 1829 2821; x_wconf 87' lang='lat'>=</span> <span class='ocrx_word' id='word_1_362' title='bbox 1852 2785 2053 2834; x_wconf 77' lang='grc'><strong>0.,62570.</strong></span> 
     </span>
     <span class='ocr_line' id='line_1_35' title="bbox 31 2851 2342 2923; baseline -0.002 -19"><span class='ocrx_word' id='word_1_363' title='bbox 31 2910 36 2916; x_wconf 48' lang='lat'><em>‚</em></span> <span class='ocrx_word' id='word_1_364' title='bbox 251 2854 308 2904; x_wconf 91' lang='lat' dir='ltr'><strong>In</strong></span> <span class='ocrx_word' id='word_1_365' title='bbox 330 2853 368 2916; x_wconf 66' lang='grc' dir='ltr'>Β</span> <span class='ocrx_word' id='word_1_366' title='bbox 401 2852 479 2923; x_wconf 65' lang='lat' dir='ltr'><strong>Q,</strong></span> <span class='ocrx_word' id='word_1_367' title='bbox 513 2851 573 2922; x_wconf 66' lang='grc' dir='ltr'><strong>Ἡ,</strong></span> <span class='ocrx_word' id='word_1_368' title='bbox 606 2852 762 2903; x_wconf 73' lang='lat' dir='ltr'><strong>Mar&#39;te</strong></span> <span class='ocrx_word' id='word_1_369' title='bbox 788 2855 841 2902; x_wconf 89' lang='lat' dir='ltr'><strong>fit</strong></span> <span class='ocrx_word' id='word_1_370' title='bbox 867 2855 1022 2917; x_wconf 87' lang='lat' dir='ltr'><strong>major</strong></span> <span class='ocrx_word' id='word_1_371' title='bbox 1042 2856 1191 2918; x_wconf 86' lang='lat' dir='ltr'><strong>justo,</strong></span> <span class='ocrx_word' id='word_1_372' title='bbox 1223 2871 1366 2918; x_wconf 85' lang='lat' dir='ltr'><strong>quam</strong></span> <span class='ocrx_word' id='word_1_373' title='bbox 1397 2869 1600 2916; x_wconf 89' lang='lat' dir='ltr'><strong>corpora</strong></span> <span class='ocrx_word' id='word_1_374' title='bbox 1629 2856 1891 2916; x_wconf 86' lang='lat' dir='ltr'><strong>patiuntur,</strong></span> <span class='ocrx_word' id='word_1_375' title='bbox 1924 2855 1967 2899; x_wconf 88' lang='lat' dir='ltr'><strong>in</strong></span> <span class='ocrx_word' id='word_1_376' title='bbox 1996 2853 2152 2902; x_wconf 87' lang='lat' dir='ltr'><strong>Marte</strong></span> <span class='ocrx_word' id='word_1_377' title='bbox 2180 2853 2342 2912; x_wconf 88' lang='lat' dir='ltr'><strong>Terra,</strong></span> 
     </span>
     <span class='ocr_line' id='line_1_36' title="bbox 32 2919 2347 2996; baseline -0.002 -19"><span class='ocrx_word' id='word_1_378' title='bbox 32 2919 37 2940; x_wconf 76' lang='lat'>⁴</span> <span class='ocrx_word' id='word_1_379' title='bbox 84 2927 232 2978; x_wconf 81' lang='lat' dir='ltr'><strong>Terra</strong></span> <span class='ocrx_word' id='word_1_380' title='bbox 260 2925 318 2994; x_wconf 69' lang='grc' dir='ltr'><strong>Ω,</strong></span> <span class='ocrx_word' id='word_1_381' title='bbox 346 2927 388 2994; x_wconf 63' lang='lat' dir='ltr'><strong>S?</strong></span> <span class='ocrx_word' id='word_1_382' title='bbox 418 2926 460 2996; x_wconf 63' lang='lat' dir='ltr'>Q</span> <span class='ocrx_word' id='word_1_383' title='bbox 490 2931 749 2991; x_wconf 85' lang='lat' dir='ltr'><strong>conspirat.</strong></span> <span class='ocrx_word' id='word_1_384' title='bbox 825 2928 986 2977; x_wconf 88' lang='lat' dir='ltr'><strong>Parva</strong></span> <span class='ocrx_word' id='word_1_385' title='bbox 1020 2944 1228 2991; x_wconf 89' lang='lat' dir='ltr'><strong>namque</strong></span> <span class='ocrx_word' id='word_1_386' title='bbox 1257 2936 1329 2977; x_wconf 88' lang='lat' dir='ltr'><strong>est</strong></span> <span class='ocrx_word' id='word_1_387' title='bbox 1355 2928 1622 2976; x_wconf 84' lang='lat' dir='ltr'><strong>differentia</strong></span> <span class='ocrx_word' id='word_1_388' title='bbox 1662 2929 1785 2974; x_wconf 89' lang='lat' dir='ltr'><strong>inter</strong></span> <span class='ocrx_word' id='word_1_389' title='bbox 1824 2926 2034 2974; x_wconf 90' lang='lat' dir='ltr'><strong>medium</strong></span> <span class='ocrx_word' id='word_1_390' title='bbox 2076 2926 2347 2974; x_wconf 88' lang='lat' dir='ltr'><strong>arithmeti-</strong></span> 
     </span>
     <span class='ocr_line' id='line_1_37' title="bbox 0 2999 2342 3064; baseline -0.003 -12"><span class='ocrx_word' id='word_1_391' title='bbox 0 3004 1 3008; x_wconf 73' lang='grc'>’</span> <span class='ocrx_word' id='word_1_392' title='bbox 35 3010 39 3017; x_wconf 78' lang='grc'><strong>”</strong></span> <span class='ocrx_word' id='word_1_393' title='bbox 86 3014 207 3059; x_wconf 78' lang='lat' dir='ltr'><strong>eum,</strong></span> <span class='ocrx_word' id='word_1_394' title='bbox 238 3002 366 3064; x_wconf 91' lang='lat' dir='ltr'><strong>quod</strong></span> <span class='ocrx_word' id='word_1_395' title='bbox 395 3017 522 3051; x_wconf 89' lang='lat' dir='ltr'><strong>anno</strong></span> <span class='ocrx_word' id='word_1_396' title='bbox 544 3007 626 3051; x_wconf 87' lang='lat'><strong>95.</strong></span> <span class='ocrx_word' id='word_1_397' title='bbox 656 3017 1018 3063; x_wconf 87' lang='lat' dir='ltr'><strong>usurpaveram‚</strong></span> <span class='ocrx_word' id='word_1_398' title='bbox 1047 3009 1096 3050; x_wconf 93' lang='lat' dir='ltr'><strong>et</strong></span> <span class='ocrx_word' id='word_1_399' title='bbox 1123 3004 1490 3064; x_wconf 87' lang='lat' dir='ltr'><strong>geometricum,</strong></span> <span class='ocrx_word' id='word_1_400' title='bbox 1525 2999 1653 3062; x_wconf 88' lang='lat' dir='ltr'><strong>quod</strong></span> <span class='ocrx_word' id='word_1_401' title='bbox 1678 3000 1807 3062; x_wconf 83' lang='lat' dir='ltr'><strong>jam;</strong></span> <span class='ocrx_word' id='word_1_402' title='bbox 1848 3006 1958 3047; x_wconf 84' lang='lat' dir='ltr'><strong>sunt</strong></span> <span class='ocrx_word' id='word_1_403' title='bbox 1984 3006 2146 3048; x_wconf 85' lang='lat' dir='ltr'><strong>autern</strong></span> <span class='ocrx_word' id='word_1_404' title='bbox 2177 3013 2342 3046; x_wconf 87' lang='lat' dir='ltr'><strong>omnes</strong></span> 
     </span>
     <span class='ocr_line' id='line_1_38' title="bbox 39 3071 2346 3140; baseline -0.002 -16"><span class='ocrx_word' id='word_1_405' title='bbox 39 3093 41 3099; x_wconf 94' lang='lat'>·</span> <span class='ocrx_word' id='word_1_406' title='bbox 86 3075 315 3137; x_wconf 83' lang='lat' dir='ltr'><strong>majores,</strong></span> <span class='ocrx_word' id='word_1_407' title='bbox 355 3090 481 3138; x_wconf 89' lang='lat' dir='ltr'><strong>quae</strong></span> <span class='ocrx_word' id='word_1_408' title='bbox 519 3076 566 3122; x_wconf 91' lang='lat' dir='ltr'><strong>in</strong></span> <span class='ocrx_word' id='word_1_409' title='bbox 608 3074 876 3137; x_wconf 86' lang='lat' dir='ltr'><strong>Copernico</strong></span> <span class='ocrx_word' id='word_1_410' title='bbox 916 3074 1119 3124; x_wconf 85' lang='lat' dir='ltr'><strong>mediae.</strong></span> <span class='ocrx_word' id='word_1_411' title='bbox 1185 3075 1236 3123; x_wconf 88' lang='lat' dir='ltr'><strong>Si</strong></span> <span class='ocrx_word' id='word_1_412' title='bbox 1275 3074 1451 3123; x_wconf 88' lang='lat' dir='ltr'><strong>radicis</strong></span> <span class='ocrx_word' id='word_1_413' title='bbox 1490 3074 1699 3122; x_wconf 88' lang='lat' dir='ltr'><strong>radicem</strong></span> <span class='ocrx_word' id='word_1_414' title='bbox 1750 3087 2006 3134; x_wconf 85' lang='lat' dir='ltr'><strong>quaeram:</strong></span> <span class='ocrx_word' id='word_1_415' title='bbox 2049 3071 2346 3140; x_wconf 58' lang='lat' dir='ltr'><em>1s86ffi=</em></span> 
     </span>
     <span class='ocr_line' id='line_1_39' title="bbox 85 3147 1763 3218; baseline -0.002 -21"><span class='ocrx_word' id='word_1_416' title='bbox 85 3157 221 3218; x_wconf 42' lang='lat'><strong>2833</strong></span> <span class='ocrx_word' id='word_1_417' title='bbox 246 3149 531 3214; x_wconf 58' lang='lat' dir='ltr'><strong>Vffo9ssff=</strong></span> <span class='ocrx_word' id='word_1_418' title='bbox 562 3157 692 3214; x_wconf 48' lang='lat'><strong>2253,</strong></span> <span class='ocrx_word' id='word_1_419' title='bbox 733 3154 847 3196; x_wconf 89' lang='lat' dir='ltr'><strong>tunc</strong></span> <span class='ocrx_word' id='word_1_420' title='bbox 886 3148 1046 3197; x_wconf 88' lang='lat' dir='ltr'><strong>adhuc</strong></span> <span class='ocrx_word' id='word_1_421' title='bbox 1084 3150 1282 3210; x_wconf 89' lang='lat' dir='ltr'><strong>propius</strong></span> <span class='ocrx_word' id='word_1_422' title='bbox 1323 3148 1520 3195; x_wconf 86' lang='lat' dir='ltr'><strong>coibunt</strong></span> <span class='ocrx_word' id='word_1_423' title='bbox 1559 3147 1763 3194; x_wconf 87' lang='lat' dir='ltr'><strong>termini.</strong></span> 
     </span>
     <span class='ocr_line' id='line_1_40' title="bbox 41 3217 2344 3282; baseline -0.002 -12"><span class='ocrx_word' id='word_1_424' title='bbox 41 3222 46 3263; x_wconf 75' lang='grc' dir='ltr'><strong>ἑ</strong></span> <span class='ocrx_word' id='word_1_425' title='bbox 255 3221 348 3270; x_wconf 89' lang='lat' dir='ltr'><strong>His</strong></span> <span class='ocrx_word' id='word_1_426' title='bbox 389 3221 448 3270; x_wconf 91' lang='lat' dir='ltr'><strong>de</strong></span> <span class='ocrx_word' id='word_1_427' title='bbox 489 3222 648 3270; x_wconf 86' lang='lat' dir='ltr'><strong>causis</strong></span> <span class='ocrx_word' id='word_1_428' title='bbox 686 3220 995 3282; x_wconf 85' lang='lat' dir='ltr'><strong>postmodum</strong></span> <span class='ocrx_word' id='word_1_429' title='bbox 1048 3222 1094 3267; x_wconf 91' lang='lat' dir='ltr'><strong>in</strong></span> <span class='ocrx_word' id='word_1_430' title='bbox 1135 3221 1260 3268; x_wconf 86' lang='lat' dir='ltr'><strong>hanc</strong></span> <span class='ocrx_word' id='word_1_431' title='bbox 1308 3221 1375 3266; x_wconf 89' lang='lat' dir='ltr'><strong>ivi</strong></span> <span class='ocrx_word' id='word_1_432' title='bbox 1426 3220 1736 3272; x_wconf 86' lang='lat' dir='ltr'><strong>sententiam.</strong></span> <span class='ocrx_word' id='word_1_433' title='bbox 1794 3217 2044 3265; x_wconf 88' lang='lat' dir='ltr'><strong>tarditates</strong></span> <span class='ocrx_word' id='word_1_434' title='bbox 2098 3230 2193 3264; x_wconf 87' lang='lat' dir='ltr'><strong>non</strong></span> <span class='ocrx_word' id='word_1_435' title='bbox 2238 3231 2344 3265; x_wconf 90' lang='lat' dir='ltr'><strong>esse</strong></span> 
     </span>
     <span class='ocr_line' id='line_1_41' title="bbox 40 3268 2343 3360; baseline -0.003 -17"><span class='ocrx_word' id='word_1_436' title='bbox 40 3268 47 3346; x_wconf 64' lang='lat' dir='ltr'><strong>i</strong></span> <span class='ocrx_word' id='word_1_437' title='bbox 86 3294 472 3360; x_wconf 78' lang='lat' dir='ltr'><strong>proportionales</strong></span> <span class='ocrx_word' id='word_1_438' title='bbox 511 3294 750 3350; x_wconf 88' lang='lat' dir='ltr'><strong>motibus,</strong></span> <span class='ocrx_word' id='word_1_439' title='bbox 791 3292 875 3341; x_wconf 87' lang='lat' dir='ltr'><strong>sed</strong></span> <span class='ocrx_word' id='word_1_440' title='bbox 915 3293 1161 3341; x_wconf 79' lang='lat' dir='ltr'><strong>desumtas</strong></span> <span class='ocrx_word' id='word_1_441' title='bbox 1202 3307 1257 3340; x_wconf 88' lang='lat' dir='ltr'><strong>ex</strong></span> <span class='ocrx_word' id='word_1_442' title='bbox 1297 3292 1564 3339; x_wconf 88' lang='lat' dir='ltr'><strong>harmoniis</strong></span> <span class='ocrx_word' id='word_1_443' title='bbox 1605 3292 1816 3337; x_wconf 85' lang='lat' dir='ltr'><strong>musicis.</strong></span> <span class='ocrx_word' id='word_1_444' title='bbox 1896 3290 1961 3338; x_wconf 89' lang='lat' dir='ltr'><strong>At</strong></span> <span class='ocrx_word' id='word_1_445' title='bbox 1999 3292 2036 3337; x_wconf 89' lang='lat' dir='ltr'><strong>si</strong></span> <span class='ocrx_word' id='word_1_446' title='bbox 2078 3290 2194 3347; x_wconf 89' lang='lat' dir='ltr'><strong>hoc,</strong></span> <span class='ocrx_word' id='word_1_447' title='bbox 2247 3304 2343 3337; x_wconf 89' lang='lat' dir='ltr'><strong>non</strong></span> 
     </span>
     <span class='ocr_line' id='line_1_42' title="bbox 43 3360 2345 3428; baseline -0.003 -12"><span class='ocrx_word' id='word_1_448' title='bbox 43 3360 49 3426; x_wconf 71' lang='lat'><strong>¹3</strong></span> <span class='ocrx_word' id='word_1_449' title='bbox 87 3367 210 3416; x_wconf 75' lang='lat' dir='ltr'><strong>inter</strong></span> <span class='ocrx_word' id='word_1_450' title='bbox 248 3368 389 3415; x_wconf 90' lang='lat' dir='ltr'><strong>binos</strong></span> <span class='ocrx_word' id='word_1_451' title='bbox 429 3374 476 3415; x_wconf 90' lang='lat' dir='ltr'><strong>et</strong></span> <span class='ocrx_word' id='word_1_452' title='bbox 514 3368 655 3414; x_wconf 90' lang='lat' dir='ltr'><strong>binos</strong></span> <span class='ocrx_word' id='word_1_453' title='bbox 694 3364 917 3428; x_wconf 85' lang='lat' dir='ltr'><strong>planetas</strong></span> <span class='ocrx_word' id='word_1_454' title='bbox 958 3372 1334 3414; x_wconf 86' lang='lat' dir='ltr'><strong>consentancum</strong></span> <span class='ocrx_word' id='word_1_455' title='bbox 1375 3370 1462 3423; x_wconf 88' lang='lat' dir='ltr'><strong>est,</strong></span> <span class='ocrx_word' id='word_1_456' title='bbox 1504 3378 1562 3411; x_wconf 91' lang='lat' dir='ltr'><strong>ne</strong></span> <span class='ocrx_word' id='word_1_457' title='bbox 1590 3363 1782 3424; x_wconf 84' lang='lat' dir='ltr'><strong>quidem</strong></span> <span class='ocrx_word' id='word_1_458' title='bbox 1825 3364 1947 3409; x_wconf 90' lang='lat' dir='ltr'><strong>inter</strong></span> <span class='ocrx_word' id='word_1_459' title='bbox 1973 3362 2191 3424; x_wconf 85' lang='lat' dir='ltr'><strong>ejusdem</strong></span> <span class='ocrx_word' id='word_1_460' title='bbox 2221 3377 2345 3423; x_wconf 91' lang='lat' dir='ltr'><strong>apo-</strong></span> 
     </span>
     <span class='ocr_line' id='line_1_43' title="bbox 0 3436 2345 3510; baseline -0.002 -22"><span class='ocrx_word' id='word_1_461' title='bbox 0 3439 2 3450; x_wconf 92' lang='lat'>&#39;</span> <span class='ocrx_word' id='word_1_462' title='bbox 46 3473 53 3510; x_wconf 56' lang='lat'><em>3</em></span> <span class='ocrx_word' id='word_1_463' title='bbox 89 3452 262 3503; x_wconf 74' lang='lat' dir='ltr'><strong>gaeum</strong></span> <span class='ocrx_word' id='word_1_464' title='bbox 303 3447 352 3487; x_wconf 89' lang='lat' dir='ltr'><strong>et</strong></span> <span class='ocrx_word' id='word_1_465' title='bbox 388 3441 670 3501; x_wconf 83' lang='lat' dir='ltr'><strong>perigaeum</strong></span> <span class='ocrx_word' id='word_1_466' title='bbox 710 3444 892 3486; x_wconf 87' lang='lat' dir='ltr'><strong>motum</strong></span> <span class='ocrx_word' id='word_1_467' title='bbox 934 3440 1181 3486; x_wconf 82' lang='lat' dir='ltr'><strong>interesse.</strong></span> <span class='ocrx_word' id='word_1_468' title='bbox 1243 3436 1312 3484; x_wconf 82' lang='lat' dir='ltr'><strong>Ex</strong></span> <span class='ocrx_word' id='word_1_469' title='bbox 1354 3436 1446 3484; x_wconf 88' lang='lat' dir='ltr'><strong>hoc</strong></span> <span class='ocrx_word' id='word_1_470' title='bbox 1485 3436 1797 3483; x_wconf 84' lang='lat' dir='ltr'><strong>fundamento</strong></span> <span class='ocrx_word' id='word_1_471' title='bbox 1838 3449 1974 3482; x_wconf 86' lang='lat' dir='ltr'><strong>orsus</strong></span> <span class='ocrx_word' id='word_1_472' title='bbox 2014 3437 2082 3482; x_wconf 89' lang='lat' dir='ltr'><strong>ita</strong></span> <span class='ocrx_word' id='word_1_473' title='bbox 2123 3437 2345 3496; x_wconf 85' lang='lat' dir='ltr'><strong>quaesivi</strong></span> 
     </span>
     <span class='ocr_line' id='line_1_44' title="bbox 46 3511 2344 3573; baseline -0.001 -13"><span class='ocrx_word' id='word_1_474' title='bbox 46 3513 136 3560; x_wconf 72' lang='lat' dir='ltr'><strong>uin</strong></span> <span class='ocrx_word' id='word_1_475' title='bbox 175 3512 332 3560; x_wconf 87' lang='lat' dir='ltr'><strong>Marte</strong></span> <span class='ocrx_word' id='word_1_476' title='bbox 384 3514 741 3573; x_wconf 87' lang='lat' dir='ltr'><strong>proportionem</strong></span> <span class='ocrx_word' id='word_1_477' title='bbox 795 3512 1165 3558; x_wconf 83' lang='lat' dir='ltr'><strong>ecccntricitatis</strong></span> <span class='ocrx_word' id='word_1_478' title='bbox 1217 3511 1492 3570; x_wconf 76' lang='lat' dir='ltr'><strong>utriusque,</strong></span> <span class='ocrx_word' id='word_1_479' title='bbox 1547 3515 1600 3555; x_wconf 88' lang='lat' dir='ltr'><strong>ut</strong></span> <span class='ocrx_word' id='word_1_480' title='bbox 1650 3522 1774 3570; x_wconf 88' lang='lat' dir='ltr'><strong>quac</strong></span> <span class='ocrx_word' id='word_1_481' title='bbox 1824 3514 2198 3570; x_wconf 85' lang='lat' dir='ltr'><strong>quantacunque</strong></span> <span class='ocrx_word' id='word_1_482' title='bbox 2238 3523 2344 3558; x_wconf 85' lang='lat' dir='ltr'><strong>esse</strong></span> 
     </span>
     <span class='ocr_line' id='line_1_45' title="bbox 0 3560 2345 3649; baseline 0 -19"><span class='ocrx_word' id='word_1_483' title='bbox 0 3576 3 3611; x_wconf 65' lang='lat'>²</span> <span class='ocrx_word' id='word_1_484' title='bbox 48 3560 258 3649; x_wconf 70' lang='lat' dir='ltr'><strong>¹possit.</strong></span> <span class='ocrx_word' id='word_1_485' title='bbox 336 3583 670 3646; x_wconf 82' lang='lat' dir='ltr'><strong>Acronychiac</strong></span> <span class='ocrx_word' id='word_1_486' title='bbox 711 3583 1076 3631; x_wconf 87' lang='lat' dir='ltr'><strong>observationes</strong></span> <span class='ocrx_word' id='word_1_487' title='bbox 1116 3582 1285 3629; x_wconf 86' lang='lat' dir='ltr'><strong>Martis</strong></span> <span class='ocrx_word' id='word_1_488' title='bbox 1336 3582 1580 3628; x_wconf 87' lang='lat' dir='ltr'><strong>faciebant</strong></span> <span class='ocrx_word' id='word_1_489' title='bbox 1630 3582 2034 3628; x_wconf 85' lang='lat' dir='ltr'><strong>eccentricitatcm</strong></span> <span class='ocrx_word' id='word_1_490' title='bbox 2088 3583 2345 3630; x_wconf 88' lang='lat' dir='ltr'><strong>eccentrici</strong></span> 
     </span>
     <span class='ocr_line' id='line_1_46' title="bbox 54 3653 2344 3721; baseline -0.002 -14"><span class='ocrx_word' id='word_1_491' title='bbox 54 3658 322 3721; x_wconf 54' lang='lat' dir='ltr'><strong>*majorem</strong></span> <span class='ocrx_word' id='word_1_492' title='bbox 362 3655 563 3704; x_wconf 83' lang='lat' dir='ltr'><strong>dimidia</strong></span> <span class='ocrx_word' id='word_1_493' title='bbox 606 3657 890 3717; x_wconf 72' lang='lat' dir='ltr'><strong>aequantia,</strong></span> <span class='ocrx_word' id='word_1_494' title='bbox 942 3654 1071 3716; x_wconf 88' lang='lat' dir='ltr'><strong>quod</strong></span> <span class='ocrx_word' id='word_1_495' title='bbox 1124 3655 1266 3702; x_wconf 78' lang='lat' dir='ltr'><strong>etiam</strong></span> <span class='ocrx_word' id='word_1_496' title='bbox 1307 3653 1476 3717; x_wconf 90' lang='lat' dir='ltr'><strong>Tycho</strong></span> <span class='ocrx_word' id='word_1_497' title='bbox 1526 3660 1573 3701; x_wconf 93' lang='lat' dir='ltr'><strong>et</strong></span> <span class='ocrx_word' id='word_1_498' title='bbox 1614 3654 1908 3715; x_wconf 88' lang='lat' dir='ltr'><strong>Copernicus</strong></span> <span class='ocrx_word' id='word_1_499' title='bbox 1961 3653 2200 3702; x_wconf 89' lang='lat' dir='ltr'><strong>dicebant.</strong></span> <span class='ocrx_word' id='word_1_500' title='bbox 2279 3654 2344 3702; x_wconf 89' lang='lat' dir='ltr'><strong>At</strong></span> 
     </span>
     <span class='ocr_line' id='line_1_47' title="bbox 54 3722 2345 3794; baseline -0.002 -15"><span class='ocrx_word' id='word_1_501' title='bbox 54 3722 59 3742; x_wconf 75' lang='lat'><em>²</em></span> <span class='ocrx_word' id='word_1_502' title='bbox 92 3730 368 3794; x_wconf 77' lang='lat' dir='ltr'><strong>parallaxes</strong></span> <span class='ocrx_word' id='word_1_503' title='bbox 407 3730 623 3792; x_wconf 87' lang='lat' dir='ltr'><strong>proxime</strong></span> <span class='ocrx_word' id='word_1_504' title='bbox 664 3727 910 3775; x_wconf 86' lang='lat' dir='ltr'><strong>dimidiam</strong></span> <span class='ocrx_word' id='word_1_505' title='bbox 950 3727 1215 3783; x_wconf 71' lang='lat' dir='ltr'><strong>faciebant,</strong></span> <span class='ocrx_word' id='word_1_506' title='bbox 1268 3733 1320 3774; x_wconf 90' lang='lat' dir='ltr'><strong>ut</strong></span> <span class='ocrx_word' id='word_1_507' title='bbox 1361 3726 1628 3775; x_wconf 80' lang='lat' dir='ltr'><strong>discernere</strong></span> <span class='ocrx_word' id='word_1_508' title='bbox 1667 3740 1761 3773; x_wconf 89' lang='lat' dir='ltr'><strong>non</strong></span> <span class='ocrx_word' id='word_1_509' title='bbox 1804 3742 1986 3788; x_wconf 85' lang='lat' dir='ltr'><strong>posses.</strong></span> <span class='ocrx_word' id='word_1_510' title='bbox 2062 3726 2190 3775; x_wconf 90' lang='lat' dir='ltr'><strong>Hinc</strong></span> <span class='ocrx_word' id='word_1_511' title='bbox 2229 3728 2345 3775; x_wconf 85' lang='lat' dir='ltr'><strong>mihi</strong></span> 
     </span>
     <span class='ocr_line' id='line_1_48' title="bbox 59 3801 2342 3864; baseline -0.001 -13"><span class='ocrx_word' id='word_1_512' title='bbox 59 3819 61 3821; x_wconf 90' lang='lat'>·</span> <span class='ocrx_word' id='word_1_513' title='bbox 93 3808 208 3851; x_wconf 75' lang='lat' dir='ltr'><strong>nata</strong></span> <span class='ocrx_word' id='word_1_514' title='bbox 245 3810 318 3851; x_wconf 90' lang='lat' dir='ltr'><strong>est</strong></span> <span class='ocrx_word' id='word_1_515' title='bbox 355 3817 485 3850; x_wconf 86' lang='lat' dir='ltr'><strong>nova</strong></span> <span class='ocrx_word' id='word_1_516' title='bbox 525 3801 810 3864; x_wconf 88' lang='lat' dir='ltr'><strong>speculati0‚</strong></span> <span class='ocrx_word' id='word_1_517' title='bbox 850 3802 1253 3849; x_wconf 85' lang='lat' dir='ltr'><strong>eccentricitatem</strong></span> <span class='ocrx_word' id='word_1_518' title='bbox 1293 3801 1547 3861; x_wconf 84' lang='lat' dir='ltr'><strong>aequantis</strong></span> <span class='ocrx_word' id='word_1_519' title='bbox 1588 3814 1682 3848; x_wconf 91' lang='lat' dir='ltr'><strong>non</strong></span> <span class='ocrx_word' id='word_1_520' title='bbox 1723 3814 1912 3847; x_wconf 87' lang='lat' dir='ltr'><strong>manere</strong></span> <span class='ocrx_word' id='word_1_521' title='bbox 1953 3814 2036 3863; x_wconf 88' lang='lat' dir='ltr'><strong>per</strong></span> <span class='ocrx_word' id='word_1_522' title='bbox 2064 3806 2217 3849; x_wconf 90' lang='lat' dir='ltr'><strong>totum</strong></span> <span class='ocrx_word' id='word_1_523' title='bbox 2247 3803 2342 3850; x_wconf 90' lang='lat' dir='ltr'><strong>cir-</strong></span> 
     </span>
     <span class='ocr_line' id='line_1_49' title="bbox 97 3873 2342 3941; baseline -0.001 -15"><span class='ocrx_word' id='word_1_524' title='bbox 97 3877 274 3926; x_wconf 73' lang='lat' dir='ltr'><strong>cattum</strong></span> <span class='ocrx_word' id='word_1_525' title='bbox 315 3875 543 3938; x_wconf 89' lang='lat' dir='ltr'><strong>eandem,</strong></span> <span class='ocrx_word' id='word_1_526' title='bbox 597 3890 704 3925; x_wconf 87' lang='lat' dir='ltr'><strong>eam</strong></span> <span class='ocrx_word' id='word_1_527' title='bbox 744 3889 939 3925; x_wconf 85' lang='lat' dir='ltr'><strong>causam</strong></span> <span class='ocrx_word' id='word_1_528' title='bbox 979 3888 1114 3935; x_wconf 84' lang='lat' dir='ltr'><strong>esse,</strong></span> <span class='ocrx_word' id='word_1_529' title='bbox 1163 3888 1246 3924; x_wconf 89' lang='lat' dir='ltr'><strong>cur</strong></span> <span class='ocrx_word' id='word_1_530' title='bbox 1285 3873 1438 3937; x_wconf 86' lang='lat' dir='ltr'><strong>major</strong></span> <span class='ocrx_word' id='word_1_531' title='bbox 1478 3874 1728 3924; x_wconf 86' lang='lat' dir='ltr'><strong>eccentrici</strong></span> <span class='ocrx_word' id='word_1_532' title='bbox 1783 3873 1990 3924; x_wconf 85' lang='lat' dir='ltr'><strong>altitudo</strong></span> <span class='ocrx_word' id='word_1_533' title='bbox 2040 3874 2243 3939; x_wconf 87' lang='lat' dir='ltr'><strong>prodeat</strong></span> <span class='ocrx_word' id='word_1_534' title='bbox 2283 3890 2342 3941; x_wconf 62' lang='lat' dir='ltr'><strong>ex</strong></span> 
     </span>
    </p>
   </div>
   <div class='ocr_carea' id='block_1_5' title="bbox 1097 2483 1235 2490">
    <p class='ocr_par' dir='ltr' id='par_1_11' title="bbox 1097 2483 1235 2490">
     <span class='ocr_line' id='line_1_50' title="bbox 1097 2483 1235 2490; baseline 0 1598"><span class='ocrx_word' id='word_1_535' title='bbox 1097 2483 1235 2490; x_wconf 95' lang='lat' dir='ltr'><strong> </strong></span> 
     </span>
    </p>
   </div>
   <div class='ocr_carea' id='block_1_6' title="bbox 1078 2556 1227 2564">
    <p class='ocr_par' dir='ltr' id='par_1_12' title="bbox 1078 2556 1227 2564">
     <span class='ocr_line' id='line_1_51' title="bbox 1078 2556 1227 2564; baseline 0 0"><span class='ocrx_word' id='word_1_536' title='bbox 1078 2556 1227 2564; x_wconf 95' lang='lat' dir='ltr'><strong> </strong></span> 
     </span>
    </p>
   </div>
   <div class='ocr_carea' id='block_1_7' title="bbox 1081 2701 1227 2709">
    <p class='ocr_par' dir='ltr' id='par_1_13' title="bbox 1081 2701 1227 2709">
     <span class='ocr_line' id='line_1_52' title="bbox 1081 2701 1227 2709; baseline 0 0"><span class='ocrx_word' id='word_1_537' title='bbox 1081 2701 1227 2709; x_wconf 95' lang='lat' dir='ltr'><strong> </strong></span> 
     </span>
    </p>
   </div>
   <div class='ocr_carea' id='block_1_8' title="bbox 0 3200 67 4088">
    <p class='ocr_par' dir='ltr' id='par_1_14' title="bbox 0 3200 67 4088">
     <span class='ocr_line' id='line_1_53' title="bbox 0 3200 67 4088; baseline 0 -484"><span class='ocrx_word' id='word_1_538' title='bbox 0 3200 67 4088; x_wconf 95' lang='lat' dir='ltr'><strong>     </strong></span> 
     </span>
    </p>
   </div>
   <div class='ocr_carea' id='block_1_9' title="bbox 86 1236 2431 1300">
    <p class='ocr_par' dir='ltr' id='par_1_15' title="bbox 86 1236 2431 1300">
     <span class='ocr_line' id='line_1_54' title="bbox 86 1236 2431 1300; baseline -0.001 -11"><span class='ocrx_word' id='word_1_539' title='bbox 86 1237 222 1288; x_wconf 89' lang='lat' dir='ltr'><strong>tarde</strong></span> <span class='ocrx_word' id='word_1_540' title='bbox 262 1237 337 1284; x_wconf 89' lang='lat' dir='ltr'><strong>vel</strong></span> <span class='ocrx_word' id='word_1_541' title='bbox 380 1236 609 1285; x_wconf 88' lang='lat' dir='ltr'><strong>velociter</strong></span> <span class='ocrx_word' id='word_1_542' title='bbox 646 1236 896 1300; x_wconf 90' lang='lat' dir='ltr'><strong>incedere,</strong></span> <span class='ocrx_word' id='word_1_543' title='bbox 935 1237 981 1283; x_wconf 92' lang='lat' dir='ltr'><strong>id</strong></span> <span class='ocrx_word' id='word_1_544' title='bbox 1022 1237 1277 1299; x_wconf 87' lang='lat' dir='ltr'><strong>physicum</strong></span> <span class='ocrx_word' id='word_1_545' title='bbox 1317 1246 1406 1286; x_wconf 88' lang='lat' dir='ltr'><strong>est.</strong></span> <span class='ocrx_word' id='word_1_546' title='bbox 1484 1238 1783 1286; x_wconf 86' lang='lat' dir='ltr'><strong>Confirmant</strong></span> <span class='ocrx_word' id='word_1_547' title='bbox 1823 1238 1868 1284; x_wconf 84' lang='lat' dir='ltr'><strong>id</strong></span> <span class='ocrx_word' id='word_1_548' title='bbox 1911 1237 2140 1300; x_wconf 88' lang='lat' dir='ltr'><strong>planetae</strong></span> <span class='ocrx_word' id='word_1_549' title='bbox 2181 1253 2346 1286; x_wconf 90' lang='lat' dir='ltr'><strong>secum</strong></span> <span class='ocrx_word' id='word_1_550' title='bbox 2429 1276 2431 1278; x_wconf 80' lang='grc'>-</span> 
     </span>
    </p>
   </div>
  </div>
 </body>
</html>
