2652 4088
710 951 1077 1056 judicium
1137 951 1400 1044 matris
1460 949 1774 1068 Keplcri.

281 1260 340 1309 In
377 1261 621 1311 tabulario
646 1261 1014 1327 Stuttgartiensi
1052 1265 1371 1312 conservatur
1408 1261 1668 1312 fasciculus
1707 1262 1826 1310 satis
1864 1262 2072 1325 ampluS,
2114 1263 2368 1313 continens

3 1356 28 1391 ς
110 1334 351 1384 actionem
403 1341 573 1385 contra
619 1335 934 1385 Catharinam
984 1335 1266 1400 Kepleriam
1332 1336 1394 1384 ob
1446 1337 1774 1398 suspicionem
1823 1337 2124 1398 magicarum
2172 1338 2365 1385 artium.

109 1407 504 1459 Persecutionem
543 1423 772 1472 sagarum
811 1416 1029 1471 tempore
1055 1408 1257 1472 Kepleri
1295 1407 1439 1472 longe
1477 1408 1675 1470 lateque
1715 1407 1843 1471 apud
1885 1408 2142 1472 theologos
2169 1415 2217 1458 et
2249 1409 2373 1472 juris

110 1481 359 1532 consultos
395 1497 496 1532 rem
522 1482 631 1532 Deo
658 1490 847 1546 gratam
887 1490 935 1530 ct
972 1484 1040 1531 rei
1068 1481 1294 1545 publicae
1318 1481 1488 1530 utilem
1514 1481 1733 1530 habitam
1771 1496 1878 1531 esse
1907 1488 2114 1531 constat.
2183 1482 2373 1540 Multae

108 1561 370 1617 supersunt
409 1555 721 1605 collectiones
760 1563 978 1605 actorum
1017 1555 1353 1618 publicorum,
1395 1555 1571 1618 quibus
1612 1554 1883 1603 referuntur
1921 1569 2099 1604 causae
2138 1555 2374 1618 capitales

30 1654 36 1658 ·
87 1633 278 1677 -coutra
315 1644 465 1692 sagas
502 1631 769 1690 institutae,
810 1628 897 1678 sed
935 1628 1068 1677 haud
1107 1630 1208 1678 scio
1248 1643 1310 1677 au
1350 1628 1487 1677 nulla
1512 1629 1781 1691 comparari
1807 1631 1962 1691 possit
2001 1644 2110 1677 cum
2145 1629 2251 1691 hac,
2296 1629 2373 1679 vel

107 1703 223 1763 quia
261 1716 336 1751 res
374 1703 474 1752 fere
512 1708 618 1751 tota
654 1709 824 1752 contra
849 1717 990 1751 usum
1028 1708 1276 1765 receptum
1313 1716 1401 1765 per
1437 1701 1603 1750 literas
1630 1701 1880 1764 agebatur,
1924 1717 2050 1764 quae
2079 1694 2372 1752 omnes'una

105 1779 294 1823 tantum
331 1781 535 1839 excepta
574 1782 850 1839 supersunt,
890 1776 967 1824 vel
1010 1777 1126 1838 quia
1153 1774 1412 1838 KepleruS,
1450 1774 1649 1838 adjutus
1688 1789 1717 1822 a
1739 1774 1862 1837 juris
1903 1775 2138 1824 consultis
2166 1775 2372 1824 nobilis-

2 1902 25 1913 ,.
105 1849 255 1908 simis,
296 1863 397 1898 rem
435 1863 523 1912 pro
561 1855 714 1898 matre
755 1850 936 1912 agebat
962 1851 1103 1910 quasi
1138 1849 1261 1912 juris
1299 1850 1499 1911 peritus,
1541 1848 1622 1896 vel
1662 1846 1870 1910 denique
1902 1850 2016 1911 quia
2042 1848 2243 1911 Kepleri
2284 1848 2373 1898 de-

0 1919 39 1973 r‘
103 1919 324 1971 fensione
362 1923 467 1971 sine
507 1922 657 1971 dubio
707 1925 826 1971 moti
866 1928 1113 1972 curatores
1163 1921 1460 1985 reipublicae
1499 1921 1999 1983 Wiirttembergensis
2038 1936 2166 1971 anno
2211 1918 2367 1983 1621,

105 2007 203 2055 quo
241 1994 436 2044 decreta
473 2010 549 2045 res
589 2002 664 2046 est
705 2001 876 2046 contra
913 1994 1224 2058 Kepleriam,
1274 1994 1432 2043 edicto
1473 1994 1670 2058 publico
1709 1993 1861 2043 multa
1901 1997 1948 2042 in
1988 1994 2161 2045 melius
2201 2001 2368 2045 verte-

101 2072 228 2128 runt,
269 2082 396 2130 quae
435 2083 594 2132 usque
634 2068 696 2117 ad
737 2068 858 2117 illud
896 2074 1087 2131 tempus
1126 2068 1276 2117 nimia
1302 2068 1569 2117 acerbitate
1610 2070 1656 2115 in
1696 2069 1971 2117 actionibus
1999 2075 2168 2118 contra
2205 2068 2369 2117 homi-

8 2133 10 2150 *
101 2154 189 2189 nes
227 2141 576 2191 veneficiorum
615 2144 887 2204 artiumque
928 2143 1223 2203 magicarum
1262 2147 1519 2190 accusatos
1560 2142 1820 2191 commissa
1858 2142 2066 2190 fuerunt.
2133 2141 2225 2190 His
2251 2143 2370 2191 moti

106 2214 267 2262 causis
305 2214 437 2263 haud
464 2215 552 2263 abs
580 2230 630 2264 re
658 2214 913 2274 duximuS,
957 2229 1154 2264 causam
1182 2213 1315 2263 illam
1343 2216 1579 2276 integram
1622 2229 1679 2263 ex
1707 2215 1828 2263 actis
1857 2214 2065 2278 publicis
2095 2214 2367 2264 desumtam

14 2302 15 2308 ¹
103 2300 370 2347 recensere,
417 2294 471 2335 ut
502 2289 628 2350 Juris
667 2290 810 2351 periti
849 2288 1100 2345 haberent,
1140 2287 1269 2336 unde
1309 2293 1660 2351 cognoscerent
1694 2289 1934 2336 rationem
1973 2303 2070 2350 qua
2107 2288 2204 2337 illis
2242 2294 2370 2338 tem-

100 2360 300 2423 poribus
334 2359 522 2424 Judicia
558 2361 728 2410 habita
766 2362 879 2421 sint,
919 2375 1008 2410 nec
1034 2375 1130 2409 non
1157 2360 1363 2411 lectores
1390 2361 1609 2423 cujusvis
1634 2362 1824 2424 generis
1851 2361 2117 2424 Keplerum
2141 2366 2363 2412 nostrum

48 2477 58 2483 .
102 2431 520 2496 deprehenderent
559 2439 834 2484 versantem
874 2436 923 2482 iu
961 2449 1012 2483 re
1050 2433 1196 2497 plane
1236 2434 1527 2483 abhorrente
1567 2451 1596 2483 a
1637 2437 1882 2483 consuetis
1921 2434 2112 2483 studiis,
2149 2442 2152 2446 '

272 2506 400 2570 Ipsis
438 2507 534 2555 illis
572 2507 755 2556 tabulis
794 2507 917 2557 haec
954 2507 1311 2571 praemittenda
1349 2513 1476 2556 sunt.
1555 2507 1820 2556 Catharina
1860 2506 2218 2567 Guldenmann,
2263 2508 2366 2557 filia

100 2578 330 2642 praefecti
367 2582 484 2643 pagi
522 2579 749 2644 Eltingae
787 2595 938 2644 prope
976 2580 1309 2644 Leobergam,
1349 2587 1465 2629 nata
1503 2594 1631 2630 anno
1676 2585 1830 2630 1547.
1869 2580 1916 2630 d.
1960 2586 2009 2629 8.
2050 2581 2363 2643 NovembriS,

101 2653 266 2715 nupsit
302 2652 518 2703 Heurico
556 2654 770 2717 Keplero
809 2668 974 2703 mense
1013 2653 1148 2717 Majo
1188 2655 1303 2702 anni
1349 2656 1501 2703 1571.
1556 2653 1669 2717 Ipse
1708 2654 1950 2717 Keplerus
1990 2654 2211 2702 habitum
2253 2667 2362 2702 cor-

101 2726 231 2788 poris
270 2731 318 2775 et
355 2741 513 2776 mores
550 2729 719 2776 matris
744 2727 1035 2789 astrologice
1074 2742 1175 2777 rem
1202 2732 1413 2776 tractans
1441 2728 1511 2776 sic
1540 2726 1796 2776 describit:
1842 2727 1961 2794 „Est
1986 2742 2153 2790 parva,
2183 2741 2361 2788 macra,

100 2795 252 2860 fusca,
293 2798 449 2860 dicax,
491 2802 811 2861 contentiosa,
852 2800 963 2849 mali
994 2800 1194 2852 animi.“
1262 2799 1373 2848 Alio
1400 2800 1510 2849 loco
1539 2799 1678 2849 dicit:
1724 2800 1881 2864 „Novi
1924 2801 2149 2849 feminam
2194 2799 2362 2850 iisdem

32 2896 33 2900 =
100 2884 224 2934 pene
261 2878 425 2922 natam
465 2874 743 2936 aspectibus
783 2875 911 2939 (cum
953 2888 1044 2922 suo
1082 2874 1237 2937 ipsius
1274 2874 1547 2937 horoscopo
1576 2879 1825 2937 comparat
1862 2870 2062 2939 matris),
2105 2874 2364 2936 inquietis-

102 2944 226 2998 simo
266 2959 384 2995 sane
424 2948 647 3009 ingenio,
702 2946 788 2996 sed
838 2961 935 3009 quo
985 2961 1080 2996 non
1129 2951 1319 2995 tantum
1359 2946 1479 2995 nihil
1517 2947 1709 3010 proficit
1746 2949 1793 2994 in
1838 2947 1990 2996 literis
2033 2947 2149 3010 (non
2189 2948 2362 2994 mirum

98 3013 194 3066 hoc
231 3024 306 3067 est
342 3020 390 3066 in
430 3018 650 3085 femina),
704 3020 790 3069 sed
832 3021 977 3069 etiam
1018 3026 1173 3068 totum
1213 3021 1378 3068 turbat
1428 3022 1744 3083 municipium
1784 3035 1925 3068 suum
1964 3020 2154 3081 sibique
2194 3026 2364 3068 auctor

100 3093 175 3139 est
208 3091 431 3142 miseriae
458 3091 803 3156 deplorandae.
866 3092 1015 3142 Matri
1041 3095 1327 3156 praegnanti
1356 3107 1549 3153 socruS,
1591 3094 1707 3142 avia
1732 3108 1862 3153 mea,
1905 3092 2174 3143 medicinae
2201 3105 2362 3155 popu-

100 3159 215 3217 laris
252 3179 282 3213 a
318 3170 455 3228 patre
495 3167 641 3215 etiam
695 3166 935 3215 exercitae
984 3165 1237 3231 studiosa,
1288 3171 1393 3215 erat
1441 3165 1803 3214 admirationi.“
1836 3203 1845 3214 .
1877 3202 1887 3212 .
1919 3202 1967 3213 ..
2044 3164 2358 3226 „Adversarii

34 3245 36 3258 '
100 3243 434 3300 argumentum
461 3239 524 3287 ab
552 3245 716 3289 aetate
741 3241 909 3287 matris
935 3253 1074 3288 meae
1102 3239 1508 3301 septuagenariae
1535 3239 1794 3287 nectebant
1821 3253 1948 3301 aque
1974 3238 2107 3286 vitiis
2146 3238 2362 3286 nonnul-

98 3305 175 3370 lis,
214 3311 391 3373 quibus
428 3312 622 3361 laborat
662 3317 814 3361 mater
839 3326 963 3371 mea,
1005 3316 1059 3359 ut
1082 3316 1195 3359 sunt
1220 3312 1493 3374 nugacitas,
1535 3312 1804 3371 curiositas,
1847 3312 1917 3358 ira
1942 3310 2222 3368 vehemenS‚
2265 3312 2359 3360 im-

100 3384 426 3445 precationes,
478 3386 748 3448 pertinacia
794 3385 842 3430 in
895 3380 1402 3447 expostulationibus“
1446 3390 1534 3431 etc.
1579 3410 1641 3419 —-
1684 3383 1757 3431 De
1807 3384 1966 3432 causis
2019 3382 2197 3446 quibus
2239 3386 2359 3433 moti

37 3472 39 3477 ·
102 3453 366 3506 adversarii
418 3463 623 3506 matrem
672 3456 947 3506 accusarint
999 3461 1047 3503 et
1095 3454 1155 3504 de
1203 3469 1353 3504 causa
1405 3457 1511 3517 ipsa
1561 3455 1682 3504 haec
1730 3455 1871 3504 refert
1908 3455 2149 3519 Keplerus
2199 3458 2356 3506 amico

103 3524 339 3592 Crtigeroz
385 3530 578 3595 „Mater
614 3544 725 3578 mea
762 3542 869 3577 cum
910 3534 1039 3577 esset
1077 3528 1257 3576 semina
1282 3528 1497 3576 moribus
1532 3542 1705 3591 aspera
1738 3528 1939 3591 jamque
1979 3532 2357 3592 septuagenaria

45 3586 50 3643 ἶ
102 3603 151 3649 ct
185 3602 419 3666 inquieta,
459 3606 604 3650 nacta
642 3607 716 3650 est
753 3614 881 3649 anno
914 3605 1047 3649 1615
1090 3615 1175 3662 per
1214 3600 1519 3650 occasionem
1557 3598 1852 3649 liticularum
1888 3615 1945 3650 ex
1974 3603 2129 3651 amica
2167 3602 2358 3652 hostem

47 3665 61 3713 ’κ
102 3670 347 3733 feminam,
388 3674 504 3721 olim
545 3672 877 3736 impudicitiae
916 3678 1033 3720 nota
1070 3672 1265 3734 publice
1304 3673 1551 3732 affectam,
1591 3678 1705 3721 tunc
1743 3672 1857 3723 feris
1896 3676 2068 3737 capitis
2109 3675 2357 3725 doloribus

101 3824 250 3868 matre
290 3825 418 3868 esset
457 3820 683 3867 atrociter
718 3818 949 3867 lacessita
987 3817 1359 3880 exprobratione
1397 3818 1529 3867 vitae
1569 3823 1849 3876 anteactae,
1893 3821 2054 3884 coepit
2093 3823 2137 3872 ei
2177 3823 2354 3873 crimen

57 3913 69 3966 ῃ
101 3887 337 3943 &nonme
385 3890 516 3955 apud
567 3891 828 3956 populares
879 3889 1124 3940 veneticae
1174 3892 1387 3955 potionis
1426 3892 1519 3941 sibi
1559 3892 1834 3958 exhibitae,
1885 3893 2013 3946 unde
2050 3894 2100 3944 hi
2141 3895 2348 3947 dolores.

101 3752 296 3814 propter
331 3746 535 3795 affectus
573 3747 695 3795 uteri
735 3744 871 3809 (quia
909 3744 1084 3793 sterilis
1124 3750 1227 3795 arte
1267 3743 1412 3803 sacta)
1453 3744 1717 3795 identidem
1757 3751 1947 3796 tortam.
2014 3747 2152 3798 Haec
2191 3763 2299 3798 cum
2327 3766 2356 3799 a
2441 3775 2443 3778 ·
