2652 4088
267 154 374 213 148
861 147 1148 199 Collectanea
1179 164 1235 196 ex
1268 148 1498 197 codicibus
1528 149 1923 199 Pulkoviensibus.

267 306 400 364 silia‚
442 306 491 352 in
531 302 707 366 quibus
747 307 949 366 utraque
988 301 1267 363 inhaerent,
1319 308 1482 351 motus
1521 309 1570 352 et
1608 305 1879 367 quantitas,
1932 303 2289 368 propemodum
2323 304 2519 368 aequali

267 385 380 428 sunt
417 375 750 440 amplitudine.

441 449 630 508 Tertio,
672 450 745 496 sin
784 462 889 496 eum
930 446 1144 495 dicemus
1182 450 1581 511 praestantiorem
1620 450 1900 508 scientiam,
1953 455 2081 510 quae
2119 448 2402 498 certioribus
2440 450 2519 495 ni-

266 525 383 572 titur
421 521 914 570 demonstrationibus
954 517 1176 585 (scientia
1215 521 1340 568 enim
1380 534 1439 568 ex
1478 520 1972 569 demonstrationibus
2013 520 2205 587 oritur),
2255 522 2519 569 rectissime

268 596 483 644 dicemus
522 595 586 642 ab
626 593 889 642 Aristotele
927 607 1074 655 supra
1112 594 1261 640 citato
1299 592 1408 641 loco
1447 594 1818 658 mathematicen
1866 595 2020 657 primo
2066 593 2174 642 loco
2215 593 2520 654 collocatam,

268 683 326 718 eo
365 667 496 730 quod
536 668 748 715 omnium
787 666 1138 729 perfectissima
1178 672 1251 714 est
1289 668 1509 714 scientia.
1584 665 1695 715 Hoc
1744 669 1925 730 passim
1966 666 2176 716 inculcat
2213 665 2520 726 Aristoteles,

268 743 460 804 quoties
500 739 700 802 aliquid,
741 739 802 787 ad
842 740 1152 787 scientiarum
1193 740 1406 786 omnium
1445 739 1778 788 certitudinem
1819 739 2029 799 facietis,
2069 754 2128 788 ex
2169 739 2523 802 quantitatibus

268 816 476 879 primum
516 812 701 860 desumi
742 818 789 860 et
828 813 999 860 ceteris
1036 826 1193 859 rerum
1244 812 1503 873 generibus
1543 811 1895 860 accommodari
1949 811 2080 861 dicit.
2157 811 2239 861 Sic
2288 811 2413 860 libro
2450 810 2522 862 X.

267 887 389 936 Met.
429 901 536 950 cap.
583 891 628 935 1.
669 887 880 933 maxime
920 898 1058 944 vero,
1098 886 1271 946 inquit,
1311 880 1457 947 quod'
1480 899 1735 933 mensurae
1776 891 1848 934 est
1887 885 2030 947 Esse,
2071 884 2119 932 id
2158 887 2363 948 primum
2403 884 2523 933 Esse

268 966 342 1008 est
379 961 429 1006 in
467 957 688 1021 quolibet
725 972 919 1020 genere,
961 963 1008 1005 et
1047 959 1376 1021 propriissime
1414 959 1462 1004 in
1502 969 1794 1019 quantorum
1833 972 2040 1021 genere3
2081 957 2294 1007 indidem
2323 959 2450 1006 enim
2476 963 2524 1007 et

268 1035 316 1079 in
356 1033 456 1080 alia
494 1046 674 1094 genera
711 1033 946 1079 manavit.
997 1029 1230 1079 Mensura
1267 1044 1477 1093 namque
1518 1037 1604 1090 est,
1646 1046 1744 1093 qua
1783 1037 2016 1093 quantum
2056 1030 2174 1094 quid
2213 1033 2276 1079 sit
2313 1044 2524 1092 cognos-

269 1109 405 1166 citur,
446 1110 495 1153 et
533 1105 719 1168 probat,
760 1118 909 1151 unum
949 1117 1055 1152 esse
1095 1110 1387 1165 quantorum
1425 1118 1724 1165 mensuram;
1777 1103 1887 1152 inde
1926 1105 2202 1167 subjungit:
2254 1102 2367 1152 inde
2407 1116 2523 1151 vero

269 1181 415 1227 etiam
453 1180 501 1224 in
540 1177 649 1225 aliis
688 1191 914 1225 mensura
951 1176 1124 1225 dicitur
1163 1176 1235 1235 id,
1290 1191 1387 1239 quo
1428 1179 1580 1241 primo
1622 1175 1874 1239 quodlibet
1921 1179 2230 1239 cognoscitur
2269 1182 2317 1226 et
2356 1176 2524 1238 eujus-

267 1252 388 1300 libet
426 1265 651 1299 mensura
690 1258 765 1299 est
803 1264 967 1298 unum.

442 1323 585 1385 Quod
624 1329 786 1371 autem
824 1330 924 1370 tam
964 1321 1215 1370 evidentes
1252 1328 1365 1370 sunt
1401 1322 1451 1367 in
1490 1322 1798 1371 mathematis
1840 1322 2306 1382 demonstrationes,
2346 1335 2526 1371 causae

268 1403 381 1445 sunt
407 1396 617 1459 aliquot:
660 1398 827 1460 prima,
868 1398 985 1458 quia
1022 1395 1459 1443 demonstrationes
1499 1396 1596 1443 fere
1631 1394 1783 1444 oculis
1822 1396 1998 1458 subjici
2038 1402 2086 1444 et
2124 1394 2187 1443 ad
2225 1397 2397 1443 vivum
2434 1393 2525 1444 de-

267 1471 403 1534 pingi
442 1476 661 1534 possunt,
703 1475 757 1517 ut
795 1471 864 1516 ita
902 1475 950 1517 et
990 1467 1142 1516 oculis
1186 1474 1234 1516 et
1271 1470 1458 1516 ratione
1499 1470 1566 1515 uti
1594 1471 1837 1531 possimus
1878 1470 1923 1515 in
1965 1468 2394 1532 comprehensione
2435 1466 2523 1516 de-

267 1544 686 1591 monstrationum.
765 1542 826 1589 Et
862 1541 959 1590 hoc
998 1541 1226 1590 conducit
1269 1540 1332 1589 ad
1370 1540 1652 1589 facilitatem
1698 1549 1746 1590 et
1783 1541 2209 1601 infallibilitatem,
2260 1556 2387 1605 quae
2426 1554 2524 1589 non

272 1622 345 1665 est
396 1618 445 1662 in
499 1617 670 1664 ceteris
717 1616 949 1663 scientiis.
1025 1613 1150 1662 Nam
1202 1628 1299 1677 quo
1347 1621 1490 1678 pacto
1538 1629 1688 1675 agens
1740 1615 1818 1663 vel
1873 1617 2086 1679 patienS,
2143 1614 2222 1663 vel
2271 1614 2401 1663 calor
2440 1620 2527 1663 aut

269 1689 420 1751 frigus
459 1687 832 1752 depingeretur?
884 1687 1051 1735 Altera
1091 1693 1138 1735 et
1164 1689 1417 1750 potissima
1443 1701 1591 1735 causa
1618 1693 1704 1748 est,
1747 1690 1863 1750 quia
1887 1689 2124 1752 principia
2152 1687 2529 1736 demonstratio-

269 1776 415 1822 num,
469 1768 678 1810 connata
724 1760 907 1809 homini
948 1759 1205 1824 pleraque,
1255 1759 1314 1808 de
1355 1761 1709 1823 quantitatibus
1750 1767 1862 1808 sunt
1900 1763 2054 1825 primo
2094 1761 2395 1825 recipienda,
2450 1766 2526 1808 ut:

270 1841 427 1884 totum
465 1835 624 1897 maJus
661 1847 751 1881 sua
788 1841 923 1897 parte
964 1847 1083 1892 esse,
1126 1835 1248 1880 inter
1286 1847 1337 1881 se
1377 1830 1483 1882 esse
1523 1834 1750 1895 aequalia
1790 1848 1917 1895 quae
1956 1834 2114 1883 eidem
2153 1841 2243 1883 etc.

444 1906 569 1955 Nam
606 1908 695 1955 etsi
726 1905 1009 1954 Aristoteles
1046 1907 1171 1954 libro
1196 1905 1284 1953 IV.
1324 1905 1442 1955 Met.
1483 1920 1590 1970 cap.
1620 1911 1665 1955 3.
1706 1907 2165 1970 contemplationem
2199 1907 2369 1956 horum
2396 1907 2532 1970 prin·
2610 1886 2646 1965 <J

274 1981 508 2044 cipiorum
561 1979 624 2028 ad
661 1979 1046 2043 metaphysicam
1092 1987 1292 2028 revocat
1340 1993 1496 2041 eaque
1543 1982 1818 2028 communia
1866 1981 1982 2029 facit
2036 1981 2258 2029 omnibus
2296 1980 2527 2038 scientiis,

273 2060 437 2102 tamen
475 2067 551 2101 res
590 2054 698 2114 ipsa
735 2053 940 2112 indicat,
992 2052 1124 2115 quod
1163 2053 1392 2114 loquatur
1431 2051 1490 2100 de
1528 2052 1700 2115 logicis
1739 2055 2013 2117 principiis,
2068 2067 2194 2116 quae
2233 2054 2399 2102 crebro
2439 2051 2530 2100 ad·
2619 2038 2645 2118 ²¹,-

273 2126 444 2176 hibent
478 2132 781 2188 geometrae,
839 2132 892 2173 ut
930 2139 1040 2174 cum
1078 2124 1264 2185 dicunt,
1319 2125 1445 2174 idem
1486 2132 1533 2174 et
1572 2140 1677 2175 esse
1717 2134 1765 2174 et
1804 2141 1899 2175 non
1939 2141 2046 2175 esse
2094 2125 2397 2191 impossibile
2437 2131 2530 2174 etc.
2616 2133 2647 2186 j<

273 2198 443 2249 Verba
494 2200 599 2262 eJus
638 2198 760 2248 haec
798 2205 931 2246 sunt:
985 2198 1299 2247 Manifestum
1340 2205 1501 2246 autem
1540 2205 1641 2255 est,
1694 2201 1835 2247 unius
1876 2214 1981 2249 esse
2020 2200 2282 2260 scientiae,
2337 2204 2386 2248 et
2425 2197 2531 2260 ejus
2611 2194 2635 2251 Γ,

273 2271 494 2337 quidem,
554 2286 700 2334 quarn
753 2272 901 2320 habet
950 2286 1166 2320 summus
1217 2271 1536 2336 philosophus
1589 2270 1713 2337 (sive
1762 2270 2168 2338 metaphysicus),
2227 2271 2533 2322 considerare
2597 2263 2635 2344 '3'

271 2345 619 2395 mathematica
658 2346 919 2394 axiomata.
998 2344 1123 2395 Sunt
1161 2347 1290 2393 enim
1327 2345 1413 2393 illa
1450 2347 1499 2392 in
1540 2346 1684 2393 rebus
1725 2346 1950 2394 omnibus
1990 2353 2039 2395 et
2075 2359 2174 2394 non
2213 2347 2261 2393 in
2301 2358 2399 2393 uno
2441 2343 2535 2393 ali-

275 2433 371 2482 quo
420 2432 598 2482 genere
650 2417 956 2481 peculiariter
1005 2420 1206 2467 seorsim
1259 2419 1322 2466 ab
1364 2417 1488 2467 aliis.
1565 2418 1627 2466 Et
1678 2424 1877 2467 utuntur
1926 2420 1986 2467 iis
2034 2433 2202 2468 omnes
2249 2432 2377 2482 quae
2422 2422 2535 2466 sunt
2608 2468 2611 2469 ⁷

276 2492 415 2540 Emis
453 2492 622 2555 iPSfflS,
664 2498 906 2554 quatenus
946 2490 1059 2552 ΕΗΒ,
1099 2506 1196 2539 ¹¹0n
1235 2506 1351 2539 vero
1392 2498 1634 2553 quatenus
1673 2490 1767 2540 hoc
1805 2491 1885 2541 vel
1923 2491 2043 2540 illud
2067 2506 2222 2554 genus
2259 2505 2418 2540 rerum
2443 2495 2533 2539 est.
2600 2483 2611 2556 J
2635 2495 2652 2535 ‘2

277 2564 488 2613 Tantum
528 2571 691 2613 autem
730 2571 930 2612 utuntur
969 2565 1050 2624 iis,
1092 2571 1327 2626 quantum
1366 2564 1569 2624 sufficit,
1610 2563 1704 2612 hoc
1742 2571 1815 2613 est
1855 2571 2089 2626 quantum
2130 2563 2385 2627 complexa
2422 2568 2535 2612 sunt

276 2653 432 2701 genus
478 2636 600 2685 illud
638 2652 819 2698 rerum,
875 2650 971 2698 quo
1013 2636 1071 2685 de
1112 2643 1280 2685 texunt
1320 2636 1772 2688 demonstrationes,
1850 2637 2023 2700 Itaque
2075 2651 2182 2686 cum
2222 2638 2532 2700 perspicuum
2599 2645 2604 2662 ¹
2639 2644 2641 2651 “

280 2712 358 2771 sit,
397 2710 530 2774 quod
570 2718 808 2773 quatenus
848 2710 993 2757 Entia
1030 2710 1175 2758 rebus
1215 2710 1438 2758 omnibus
1477 2716 1756 2772 competant
1802 2710 1870 2773 (in
1910 2709 2003 2759 hoc
2042 2713 2168 2759 enim
2210 2711 2434 2759 consistit
2471 2707 2533 2757 il-

276 2783 431 2832 larum
471 2782 826 2846 communitas),
881 2783 1139 2845 pertinebit
1179 2784 1344 2844 itaque
1384 2783 1730 2844 contemplatio
1782 2783 1973 2832 illarum
2022 2782 2085 2831 ad
2125 2799 2262 2845 eum,
2310 2785 2395 2847 qul
2434 2780 2573 2867 Επεὶ

278 2862 333 2905 ut
370 2857 469 2904 Ens
510 2862 700 2904 tractat.
754 2855 1020 2918 Propterea
1057 2855 1124 2915 fit,
1168 2862 1219 2903 ut
1255 2869 1398 2904 nemo
1438 2869 1619 2915 eorum,
1661 2857 1744 2917 qui
1783 2856 1845 2903 ad
1884 2862 2071 2918 partem
2110 2855 2553 2920 philosophantur„
2593 2862 2602 2913 g

279 2938 479 2978 conetur
516 2928 575 2978 de
614 2929 690 2976 his
729 2928 916 2991 aliquid
955 2927 1127 2987 dicere,
1171 2942 1346 2977 verane
1372 2930 1467 2976 sint
1491 2943 1659 2988 necne,
1700 2943 1858 2991 neque
1885 2936 2148 2991 geometra,
2188 2943 2349 2993 neque
2375 2927 2532 2978 arith-

279 3004 501 3064 meticus,
543 3001 628 3050 sed
667 3001 865 3064 quidam
902 3001 1214 3064 physicorum
1250 3001 1357 3063 jure
1397 3001 1490 3049 hoc
1528 3001 1724 3051 faciunt.
1787 3001 1891 3050 Soli
1932 3017 2142 3065 namque
2182 3001 2532 3052 existimaban-
2595 3031 2598 3054 ;

279 3081 358 3124 tur
397 3081 445 3124 et
484 3075 542 3124 de
582 3081 685 3123 tota
722 3081 896 3122 natura
934 3082 982 3122 et
1022 3073 1082 3122 de
1120 3073 1243 3123 Ente
1282 3074 1535 3138 speculari.
1588 3073 1840 3123 Hactenus
1879 3075 2170 3124 Aristoteles
2211 3075 2271 3125 de
2311 3088 2531 3124 commu-

280 3150 492 3197 nissimis
518 3149 781 3212 principiis,
846 3147 970 3196 Sunt
994 3160 1124 3206 vem,
1166 3152 1218 3195 ut
1256 3161 1403 3210 supra
1431 3146 1588 3195 dicere
1615 3149 1768 3210 coepi,
1810 3149 2045 3212 principia
2073 3148 2313 3211 quaedam
2338 3147 2532 3197 mathe-

280 3224 567 3270 maticorum
607 3220 896 3284 specialiora
932 3235 1028 3268 non
1066 3234 1237 3284 pauca,
1280 3235 1407 3282 quae
1446 3222 1687 3268 communi
1713 3220 1892 3269 lumine
1919 3229 2121 3270 naturae
2161 3229 2418 3271 cernuntur
2442 3233 2533 3270 nec

282 3294 690 3343 demonstratione
729 3293 950 3357 indigent
988 3307 1210 3356 quaeque
1247 3295 1473 3356 primario
1514 3293 1573 3341 de
1613 3295 1968 3356 quantitatibus
2008 3301 2208 3355 sonant,
2250 3300 2362 3358 post
2388 3294 2531 3342 rebus

283 3367 393 3415 aliis
434 3366 737 3428 adhibentur,
780 3374 1020 3430 quatenus
1060 3368 1418 3415 communicant
1454 3365 1566 3414 illae
1606 3366 1824 3413 nonnihil
1853 3368 2222 3430 quantitatibus.
2272 3368 2336 3416 Et
2360 3366 2532 3416 horum

283 3442 626 3504 principiorum
665 3439 804 3504 plura
842 3446 954 3488 sunt
990 3442 1036 3486 in
1079 3439 1435 3499 mathematica,
1477 3452 1622 3500 quam
1661 3439 1709 3486 in
1748 3438 1856 3488 aliis
1882 3441 2275 3506 contemplativis
2302 3440 2550 3499 scientiis„

262 3520 479 3576 propter
516 3515 671 3576 ipsam
710 3513 985 3562 intellectus
1024 3513 1224 3560 humani
1251 3519 1489 3571 naturam,
1531 3525 1657 3574 quae
1682 3511 1874 3560 videtur
1899 3513 2014 3562 talis
2040 3528 2146 3563 esse
2174 3528 2232 3563 ex
2260 3512 2368 3574 lege
2395 3526 2554 3562 crea-v

285 3586 432 3633 tionis
446 3621 457 3646 ,
510 3592 563 3634 ut
601 3585 722 3633 nihil
761 3587 853 3634 nisi
901 3593 988 3634 aut
1026 3587 1346 3649 quantitates,
1399 3591 1482 3633 aut
1529 3599 1615 3649 per
1654 3588 1951 3647 quantitates
1989 3587 2199 3650 perfecte
2238 3597 2554 3650 cognoscerer

288 3660 456 3720 possit.
532 3659 706 3721 Itaque
746 3658 813 3718 fit,
854 3666 908 3707 ut
947 3659 1245 3708 certissimae
1285 3665 1334 3707 et
1371 3657 1672 3706 indubitatae
1711 3661 1806 3706 sint
1843 3659 2297 3709 mathematicorum
2334 3656 2532 3709 conclu·-

287 3731 464 3784 siones.
541 3731 705 3797 Atque
744 3731 839 3781 hoc
876 3733 1069 3781 nomine
1108 3733 1431 3799 praestantior
1469 3732 1638 3781 ceteris
1678 3738 1753 3779 est
1789 3732 2148 3783 mathematica.

2576 2662 2611 2711 ε
2635 2683 2641 2710 ι
