2652 4088
267 149 377 214 280
857 139 1142 186 Collectanea
1171 150 1229 184 ex
1258 139 1487 187 codicibus
1517 138 1915 187 PulkoviensibuS.

270 307 389 363 tum,
430 296 544 357 dixi,
585 293 707 354 vitii,
749 288 880 355 quod
918 292 1135 350 tempore
1173 287 1418 351 subrepsit
1440 288 1491 335 in
1519 294 1798 353 computum
1825 287 2143 340 Chaldaicum
2181 305 2270 341 seu
2294 296 2512 343 veterum

270 374 580 425 Graecorum.
641 366 708 414 At
746 362 1003 413 Thaletem
1041 374 1162 421 esse,
1203 361 1288 422 qui
1325 362 1499 409 vitium
1533 362 1901 423 animadvertit,
1940 362 1991 410 id
2028 377 2145 413 vero
2183 364 2399 414 liberalis
2438 371 2512 415 est

270 446 590 508 conjecturae.
653 438 779 488 Nam
818 435 969 485 verba
1000 431 1186 482 Lae‘rtii
1222 450 1306 496 την
1343 430 1442 483 ἀπο
1480 451 1662 500 τροπης
1711 433 1790 484 ἐπι
1825 453 2008 499 τροπην
2045 442 2262 502 napodor
2297 437 2511 487 nondum

270 523 458 569 tantum
495 512 675 573 valent,
726 516 775 560 et
823 505 1087 557 videndum
1134 506 1185 552 in
1223 504 1442 568 Lae’rti0‚
1496 521 1560 556 an
1608 508 1814 557 affirmet
1850 506 1958 569 ille,
2010 510 2217 571 primum
2255 509 2513 559 Thaletem

270 593 366 642 hoc
401 585 690 653 prodidisse.
764 582 891 631 Nam
928 578 1268 640 antiquissima
1307 583 1355 626 et
1391 582 1558 641 generi
1593 581 1806 629 humano
1859 594 2044 630 coaeva
2092 587 2166 631 est
2213 583 2417 631 scientia
2455 582 2514 632 de

273 664 445 714 diebus
474 662 593 719 365,
632 670 723 706 nec
745 655 987 717 sequitur:
1026 650 1206 700 Thales
1244 652 1437 714 scripsit
1475 652 1534 702 de
1561 667 1688 702 anno
1726 653 1988 714 solstitiali,
2032 669 2144 718 ergo
2168 657 2352 717 primus
2379 655 2515 703 inum

270 733 502 803 prodidit.
561 730 744 780 Infiniti
782 726 927 776 hodie
964 724 1153 772 infinita
1190 725 1555 787 transscribant,
1594 740 1685 776 nec
1711 727 1988 775 inventores
2014 741 2181 776 eorum
2216 729 2358 791 primi
2387 734 2514 780 sunt,

273 807 506 874 EjUSdem
544 817 658 868 ergo
685 806 832 851 notae
869 803 982 848 SUsst
1018 799 1136 846 ista:
1179 799 1268 844 hoc
1297 799 1419 857 quod
1449 801 1475 846 9
1507 801 1669 846 diebus
1712 806 1817 846 ante
1857 801 2247 848 intercalationem
2286 802 2517 860 vulgarem

271 882 536 932 brevissima
575 882 697 926 esset
736 877 915 930 umbra,
962 870 1374 933 sapientissimum
1423 869 1677 920 Thaletem
1729 874 1907 934 movit,
1957 872 2143 936 aliquid
2191 873 2251 924 de
2296 873 2518 923 solstitiis

275 961 324 1007 et
373 953 432 1003 de
481 949 802 1014 aequinoctiis
862 944 1100 1004 scribere,
1154 943 1287 1006 quod
1333 950 1671 1006 argumentum
1718 947 1901 1008 primus
1954 948 2170 995 omnium
2221 945 2518 996 Graecorum

273 1027 498 1088 tentavit,
538 1026 588 1071 in
626 1035 723 1085 quo
764 1017 1108 1069 commentario
1145 1019 1329 1079 primus
1369 1016 1700 1080 deprehendit,
1740 1024 1795 1066 ut
1832 1019 2000 1068 scribit
2024 1019 2264 1081 Laertius,
2303 1036 2390 1083 την
2417 1017 2515 1071 ἀπο

273 1119 453 1168 τροπης
490 1095 567 1148 ἐπι
602 1111 785 1162 τροπην
821 1093 1052 1157 παροδον,
1094 1104 1221 1152 quae
1260 1095 1334 1139 est
1373 1104 1488 1139 vera
1527 1090 1742 1140 definitio
1781 1093 1897 1140 anni
1934 1091 2123 1142 solaris.
2200 1093 2263 1141 Et
2301 1098 2355 1140 ut
2393 1090 2515 1154 dem,

274 1173 525 1224 Lae'rtium
559 1170 717 1234 primo
755 1165 827 1214 illi
862 1164 1073 1213 tribuere
1111 1163 1420 1213 solstitialem
1459 1178 1654 1226 annum,
1696 1166 1960 1231 quaeritur,
1998 1167 2153 1229 primo
2192 1172 2247 1214 ut
2282 1167 2521 1215 inventori

278 1263 340 1298 an
377 1251 433 1296 ut
468 1239 729 1307 scriptori?
778 1238 905 1288 Nam
940 1238 1065 1286 ratio
1106 1241 1193 1299 est,
1234 1251 1360 1300 quae
1400 1236 1593 1287 credere
1628 1238 1783 1301 jubet,
1821 1238 1976 1288 multa
2001 1240 2052 1287 in
2076 1241 2265 1288 arcanis
2290 1238 2520 1288 habuisse

276 1320 564 1384 religionum
602 1314 844 1365 antistites
880 1312 1165 1375 priusquam
1204 1310 1540 1361 scriberentur.
1614 1310 1698 1360 Sic
1735 1311 1818 1360 fol.
1851 1317 1946 1361 14:
1987 1313 2135 1361 etiam
2169 1315 2340 1373 primus
2373 1315 2520 1373 Cyno-

278 1401 412 1440 surae
440 1390 615 1444 septem
645 1382 802 1430 stellas
833 1380 1148 1437 consideravit,
1181 1379 1342 1435 quibus
1374 1392 1555 1426 cursum
1586 1380 1882 1437 navigationis
1917 1381 2169 1438 dirigebant
2198 1381 2464 1427 Phoenices,

449 1454 639 1507 Ibidem
674 1452 757 1502 fol.
801 1455 884 1500 14.
926 1446 1286 1498 Anaximandro
1325 1447 1517 1510 adimit,
1567 1448 1698 1511 quod
1737 1448 1894 1499 eidem
1932 1450 2101 1499 tribuit
2140 1451 2353 1512 Plinius,
2398 1451 2523 1514 „ob-

279 1533 558 1598 liquitatem
594 1524 850 1577 Zodiaci“.
927 1521 1089 1585 Quare
1129 1521 1212 1584 qui
1253 1520 1494 1588 „eclipses
1523 1520 1653 1571 Solis
1692 1528 1741 1572 et
1778 1522 2019 1572 solstitia“
2062 1523 2242 1573 Thales
2281 1525 2525 1587 antiquior

286 1603 596 1672 „praedicere
632 1614 732 1649 non
768 1597 1024 1661 potuisset,
1063 1595 1156 1643 nisi
1195 1596 1419 1644 scivisset
1445 1593 1788 1658 obliquitatem
1813 1596 2079 1645 zodiaci“?
2125 1597 2231 1646 Imo
2260 1595 2524 1660 Scaligere‚

283 1679 495 1732 solstitia
531 1673 639 1724 sola
677 1671 1073 1722 observationum
1114 1669 1388 1717 constantia
1423 1682 1511 1731 per
1548 1682 1702 1718 annos
1742 1674 1807 1718 20
1835 1669 2048 1732 praedici
2074 1677 2295 1733 possunt,
2337 1671 2528 1719 etiamsi

284 1765 433 1804 causa
469 1750 716 1812 ignoretur
753 1744 968 1804 solstitii,
1009 1743 1124 1805 quia
1156 1740 1278 1790 haec
1317 1741 1596 1790 observatio
1623 1756 1653 1791 a
1678 1740 1786 1791 sola
1822 1741 2001 1806 pendet
2039 1744 2380 1794 observatione
2408 1757 2529 1793 ocu-

282 1826 389 1877 lari.
463 1820 685 1884 Eclipses
726 1819 872 1868 etiam
912 1813 1083 1865 eadem
1122 1814 1520 1864 observationum
1559 1817 1836 1864 constantia
1872 1815 2088 1879 praedici
2132 1822 2363 1881 possunt,
2415 1832 2529 1867 nam

286 1900 603 1951 observatum
640 1896 729 1955 est,
769 1891 838 1940 ait
873 1888 1079 1950 Plinius,
1121 1887 1327 1951 eclipses
1368 1893 1469 1937 223
1509 1888 1758 1938 mensibus
1797 1888 1966 1941 redire.

460 1968 598 2032 Quae
635 1969 750 2016 sunt
785 1962 869 2016 sol.
912 1965 995 2014 15.
1036 1960 1095 2011 de
1131 1962 1471 2025 praecessione
1510 1961 1573 2011 ad
1611 1961 1805 2013 diversa
1843 1967 2075 2027 tempora,
2116 1978 2175 2014 ea
2211 1964 2435 2013 examina
2471 1976 2530 2013 ex

285 2044 556 2096 Prutenicis
595 2054 684 2090 seu
706 2037 879 2087 Tabb.
917 2034 1144 2085 resolutis
1182 2033 1385 2098 Magini.

453 2115 561 2166 Fol.
605 2118 688 2164 18.
725 2110 1046 2175 Impertinens
1090 2107 1237 2157 Plinii
1286 2108 1617 2171 interpretatio
1660 2105 2016 2170 „Cleostratum
2062 2111 2218 2173 prima
2255 2107 2436 2159 Arietis
2485 2111 2533 2159 et
2620 2118 2633 2146 ,ς

281 2193 533 2261 Sagittarii
568 2187 824 2247 notasse“‚
875 2185 1016 2247 quasi
1053 2183 1234 2246 primas
1283 2181 1434 2232 facies
1484 2196 1571 2232 seu
1624 2179 1849 2231 decadas.
1924 2182 2030 2232 Imo
2079 2185 2235 2248 prima
2283 2184 2531 2247 signorum

282 2270 498 2322 Arietem
537 2269 586 2316 et
621 2258 951 2325 Sagittarium.

458 2338 566 2391 Fol.
617 2341 703 2387 24.
754 2336 839 2383 25.
895 2333 942 2379 Si
970 2332 1106 2396 igitur
1123 2330 1292 2387 ,stellae
1315 2334 1492 2376 mutant
1522 2330 1667 2385 sedeS,
1696 2330 1835 2387 igitur
1857 2344 1973 2389 quae
1994 2332 2183 2390 propius
2205 2332 2360 2391 polum
2379 2331 2535 2379 mundi
2614 2336 2615 2382 j

286 2416 439 2470 erant,
478 2421 559 2455 eae
595 2403 778 2451 tandem
808 2414 836 2447 a
864 2400 971 2459 polo
1001 2398 1231 2455 recedunt,
1265 2403 1309 2443 et
1340 2402 1516 2451 contra,
1560 2409 1676 2454 quae
1708 2409 1736 2439 a
1763 2396 1871 2455 polo
1901 2397 2058 2442 mundi
2088 2399 2352 2444 remotiores
2391 2402 2533 2455 erant,
2618 2406 2626 2442 ,·

287 2482 368 2525 eae
397 2475 633 2536 propiores
663 2483 782 2515 nunc
811 2467 918 2526 polo
950 2465 1105 2512 mundi
1136 2469 1241 2510 sunt
1271 2477 1407 2520 quam
1437 2462 1559 2509 olim.
1607 2462 1788 2519 Alioqui
1819 2462 1858 2506 si
1888 2475 2066 2520 semper
2094 2463 2141 2508 in
2172 2463 2329 2509 eadem
2361 2461 2531 2508 distan-
2601 2491 2604 2494 -
2639 2479 2643 2491 ι

287 2546 352 2590 tia
373 2557 401 2589 a
420 2542 526 2601 polo
556 2536 712 2584 mundi
743 2538 860 2587 sunt,
892 2544 974 2578 eae
1002 2530 1162 2590 procul
1194 2529 1329 2575 dubio
1360 2515 1450 2574 non
1477 2534 1725 2574 moventur.
1784 2523 1913 2586 Quid
1939 2525 2158 2589 Scaliger
2182 2526 2349 2591 polum
2366 2522 2534 2573 mundi
2613 2551 2619 2581 g

291 2613 422 2663 dicat
457 2609 586 2683 (nam
625 2606 870 2655 diversum
908 2618 938 2651 a
975 2600 1090 2665 polo
1130 2598 1500 2663 aequinoctialis
1527 2597 1679 2661 facit),
1718 2597 1932 2647 nondum
1973 2598 2108 2649 dixit.
2175 2598 2418 2662 Quicquid
2443 2613 2535 2648 au-

290 2692 391 2737 tem
427 2686 491 2734 sit
530 2679 661 2746 quod
698 2677 866 2741 polum
902 2674 1070 2723 mundi
1109 2673 1258 2734 dicat,
1312 2671 1488 2720 falsum
1526 2677 1688 2721 tamen
1728 2677 1823 2732 est,
1871 2685 2012 2721 omne
2066 2672 2197 2734 quod
2245 2678 2470 2721 movetur
2505 2686 2537 2721 a
2632 2679 2640 2734 ᾗ

289 2759 407 2825 polo
445 2754 615 2806 mundi
651 2749 873 2801 recedere
921 2746 1001 2797 vel
1040 2746 1104 2796 ad
1142 2760 1251 2795 eum
1299 2744 1544 2795 accedere.
1618 2743 1742 2792 Nam
1780 2749 1943 2806 potest
1994 2746 2244 2795 circumire
2292 2746 2572 2802 invariatag

295 2831 543 2891 distantia,
582 2827 624 2875 si
662 2839 728 2873 sc.
767 2826 1023 2871 moveatur
1058 2822 1108 2867 in
1145 2818 1379 2882 parallelo
1420 2816 1584 2866 circuli
1623 2818 1834 2878 maximi,
1875 2833 1904 2865 a
1936 2817 2049 2880 polo
2088 2818 2254 2867 mundi
2295 2807 2551 2882 descriptis¹

295 2904 393 2956 Sed
432 2903 548 2967 quia
587 2898 806 2959 Scaliger
854 2895 1023 2942 nititur
1070 2892 1276 2941 refutare
1321 2896 1507 2939 motum
1555 2889 1804 2938 stellarum
1844 2891 1970 2939 circa
2015 2891 2156 2954 polos
2196 2892 2448 2956 eclipticae
2538 2923 2539 2928 ,

297 2974 667 3040 consequentia,
726 2968 1047 3018 concedamus
1092 2966 1240 3027 igitur
1284 2963 1353 3010 illi
1403 2965 1451 3010 in
1501 2963 1594 3011 hoc
1639 2963 1919 3026 particulari
1969 2978 2085 3013 casu
2134 2980 2276 3014 suum
2327 2944 2562 3016 axioma}

295 3051 422 3102 Nam
459 3051 500 3097 si
543 3061 641 3111 qua
676 3041 818 3093 stella
854 3044 1078 3089 movetur
1115 3040 1163 3084 in
1204 3037 1552 3099 consequentia
1589 3037 1637 3082 in
1675 3035 1910 3098 parallelo
1949 3038 2229 3101 eclipticae,
2269 3038 2403 3087 illam
2441 3039 2534 3085 im·

297 3121 533 3189 possibile
572 3123 646 3168 est
683 3129 873 3178 semper
908 3115 957 3160 in
995 3117 1098 3160 toto
1140 3110 1339 3159 circuitu
1377 3111 1582 3158 retinere
1609 3109 1814 3158 eandem
1841 3125 1871 3158 a
1900 3110 2015 3172 polo
2042 3110 2211 3159 mundi
2237 3110 2531 3161 distantiam.
2608 3143 2652 3179 ³

298 3198 426 3247 Nam
451 3193 582 3259 quod
607 3188 789 3255 polaris
815 3186 960 3236 hodie
987 3183 1107 3232 nihil
1132 3187 1289 3231 mutat
1313 3197 1452 3230 suam
1479 3196 1509 3230 a
1534 3181 1649 3244 polo
1679 3181 1956 3231 distantiam
1984 3184 2301 3245 sensibiliter,
2339 3183 2388 3231 id
2414 3189 2539 3232 tem-

299 3282 565 3334 poraneum
603 3270 651 3314 et
687 3261 800 3311 inde
827 3266 915 3320 est,
956 3257 1087 3321 quod
1111 3271 1223 3320 pars
1250 3254 1335 3303 illa
1358 3254 1579 3318 paralleli
1618 3255 1883 3318 eclipticae,
1924 3258 1971 3303 in
2012 3271 2110 3319 qua
2134 3257 2275 3306 stella
2302 3262 2496 3306 vel-satu

303 3348 377 3394 est
399 3340 620 3407 proxima
644 3335 775 3400 p010‚
809 3334 895 3382 ubi
923 3332 1228 3381 decrementa
1252 3327 1494 3377 intervalli
1518 3343 1548 3376 a
1572 3326 1686 3390 polo
1728 3343 1837 3376 cum
1862 3331 2165 3378 incrementis
2192 3328 2469 3396 permutant

475 3411 666 3463 Ibidem
703 3409 743 3456 E
780 3406 947 3469 polum
984 3402 1152 3467 mundi
1188 3403 1327 3462 facit,
1367 3401 1457 3448 sub
1497 3414 1593 3462 quo
1632 3399 1719 3447 RT
1759 3407 2007 3464 aequat023
2048 3407 2095 3451 et
2134 3408 2295 3452 tamen
2335 3405 2608 3467 (W'323‹.2'·.

303 3488 447 3537 lineis
483 3489 595 3550 post
631 3479 895 3532 secundum
932 3477 1099 3541 polum
1135 3476 1274 3535 facit,
1328 3475 1411 3536 qui
1449 3477 1522 3522 est
1558 3488 1610 3522 re
1649 3488 1764 3522 vera
1802 3475 1945 3537 polus
1985 3477 2138 3538 ipsius
2174 3475 2278 3524 Rq*⁴
2599 3495 2603 3526 L

307 3560 522 3624 appellat
561 3556 776 3607 colurum
813 3554 1052 3615 tropicum
1089 3549 1316 3611 ambigue
1354 3561 1440 3610 pro
1482 3545 1644 3595 coluro
1685 3547 1956 3608 solstitiali,
1997 3547 2177 3597 ibidem
2219 3524 2530 3611 vlgffffifss.

310 3635 429 3696 quit,
470 3630 619 3682 credit
657 3633 919 3677 extremam
957 3623 1237 3687 Cynosurae
1276 3634 1381 3670 esse
1418 3618 1584 3682 polum
1621 3619 1809 3681 mundi,
1859 3622 1986 3670 circa
2023 3636 2132 3670 eum
2170 3621 2322 3670 credit
2357 3600 2567 3670 Ve'M’*

310 3704 555 3756 mundum.
636 3700 871 3763 Injuriam
922 3697 1038 3745 facit
1091 3694 1269 3757 vulg0‚
1322 3694 1405 3756 qui
1456 3693 1649 3741 omnino
1705 3693 1819 3754 quid
1870 3695 1933 3742 sit
1981 3692 2124 3757 polus
2172 3695 2376 3757 ignorat.
2455 3677 2540 3740 Sin

314 3782 475 3826 autem
524 3776 582 3825 de
633 3774 787 3822 doctis
837 3770 1073 3833 loquitur,
1126 3767 1288 3816 nullus
1337 3766 1428 3834 hac
1477 3764 1710 3827 Scaligeri
1761 3767 2054 3817 correctione
2105 3765 2317 3831 indiget,
2374 3777 2538 3814 omnes

314 3849 466 3898 libelli
505 3847 744 3914 sphaerici
780 3844 874 3895 hoc
898 3843 1094 3904 habent,
1133 3841 1229 3892 nisi
1266 3838 1324 3889 de
1361 3840 1461 3888 suis
1497 3836 1730 3902 palinuris
1756 3838 1966 3902 Belgicis
1992 3839 2236 3904 loquatur,
2276 3839 2358 3903 qui
2383 3849 2540 3890 crasse

2650 3210 2652 3221 ι

2491 3398 2498 3403 ²
2534 3403 2537 3405 -
2573 3399 2580 3410 τ

2479 3535 2489 3551 b
2534 3551 2536 3554 .
