2652 4088
289 178 394 239 154
877 182 1164 230 Collectanea
1195 198 1250 230 ex
1282 184 1510 231 codicibus
1542 184 1935 232 PulkoviensibuS.

459 328 596 379 Haec
630 332 784 394 probe'
818 333 1032 382 notanda
1069 339 1203 395 suut,
1243 344 1472 396 magnum
1510 335 1637 383 enim
1674 334 1854 383 habent
1879 347 2017 382 usum
2054 333 2103 381 in
2139 332 2520 383 mathematicisa

287 406 398 450 sunt
446 403 572 451 enirn
619 403 813 467 aliquae
866 409 1163 468 quantitates
1212 407 1274 455 ad
1324 408 1532 455 invicem
1583 406 1846 471 eJusmodi,
1900 412 1954 455 ut
2000 419 2083 454 eas
2130 406 2265 455 nulla
2315 412 2524 468 cognata

289 477 533 535 quantitas
571 476 706 526 nullo
744 491 942 527 numero
982 481 1031 526 in
1069 479 1308 536 infinitum
1347 494 1502 542 usque
1539 483 1788 539 metiatur,
1842 493 1966 541 quas
2003 493 2092 527 nos
2131 487 2266 528 tanto
2305 480 2523 540 exquisi-

286 549 382 595 tius
421 561 608 610 semper
646 552 896 612 metimur,
951 566 1048 614 quo
1096 552 1290 614 longius
1329 553 1589 602 bisecando
1635 554 1879 616 progressi
1916 552 2158 603 fuerimus,
2232 551 2321 599 His
2361 559 2523 599 autem

282 620 432 681 probe
469 625 708 684 perceptis
743 625 900 672 minus
934 625 1039 686 jam
1077 639 1164 672 nos
1203 626 1430 686 turbabit,
1471 626 1601 688 quod
1638 623 1956 688 philosophus
1999 625 2109 687 (ΙΙΙ.
2137 624 2225 672 Ph.
2259 623 2325 688 7.)
2360 623 2523 672 infinid

285 699 385 740 tum
425 694 471 741 in
510 697 729 755 potentia
766 711 851 758 per
887 697 1209 757 additionem,
1259 697 1390 760 quod
1427 713 1626 747 numero
1674 704 1946 759 competere
1995 697 2229 756 diximus,
2281 697 2523 759 quodam·-

282 764 425 814 modo
465 769 610 816 etiam
647 771 694 815 in
732 770 1113 832 magnitudinem
1139 770 1362 830 admittit,
1402 771 1594 831 sedita,
1635 778 1690 819 ut
1726 769 1846 817 illud
1885 769 2257 818 additionarium
2299 770 2423 818 idem
2460 771 2523 818 sit

282 838 379 887 fere
418 853 525 888 cum
565 840 796 890 divisorio
836 849 883 892 et
919 843 1062 891 simul
1099 843 1198 904 fiat,
1239 858 1474 893 converso
1513 851 1672 892 tamen
1710 842 1871 891 modo.

455 912 579 961 Nam
619 929 716 975 qua
754 918 1063 979 proportione
1100 923 1292 965 secatur
1330 919 1575 979 quantitas
1615 917 1806 979 aliqua,
1857 922 1975 978 puta
2024 914 2211 978 pedalis
2260 913 2418 973 linea,
2469 914 2518 959 in

282 985 544 1047 particulas
580 987 806 1048 infinitaS,
846 992 885 1038 si
913 990 1079 1039 eadem
1114 993 1422 1053 proportione
1461 990 1586 1038 alius
1613 991 1854 1053 quispiam
1890 989 2152 1051 particulas
2190 1002 2377 1036 rursum
2415 985 2520 1035 col-

281 1057 428 1119 ligat,
481 1074 728 1122 nunquam
768 1067 922 1111 totum
958 1065 1204 1124 restituet,
1257 1065 1373 1125 quia
1419 1078 1608 1125 semper
1661 1069 1847 1110 tantum
1885 1061 2044 1110 adhuc
2082 1060 2232 1121 desit,
2287 1065 2522 1122 quantum

283 1133 365 1193 qni
403 1130 575 1181 dividit
613 1132 772 1183 adbuc
809 1135 958 1184 habet
995 1137 1086 1186 sub
1123 1137 1360 1186 manibus.
1416 1137 1611 1186 Divisor
1647 1136 1794 1185 saciat
1826 1141 1986 1197 partes
2015 1140 2061 1194 2,
2102 1134 2330 1183 collector
2356 1135 2521 1194 itaque

284 1203 531 1253 dimidium
569 1206 706 1268 pedis
746 1210 935 1270 accipit,
976 1208 1158 1258 divisor
1192 1224 1380 1258 rursum
1419 1224 1476 1258 ex
1516 1223 1605 1257 suo
1633 1208 1831 1256 dimidio
1857 1209 2003 1256 faciat
2040 1214 2201 1269 partes
2231 1212 2278 1266 2,
2317 1220 2520 1268 quarum

284 1291 427 1326 unam
457 1278 684 1328 collector
710 1283 916 1343 accipiat
942 1281 1242 1343 habebitque
1269 1283 1494 1332 collector
1521 1281 1569 1350 ἦ,
1609 1280 1792 1330 divisor
1820 1281 1867 1349 ᾖ.
1932 1281 2156 1342 Amplius
2184 1294 2240 1328 ex
2269 1279 2302 1347 ἦ
2328 1280 2445 1327 fiant
2469 1277 2522 1347 ξ,

283 1365 428 1398 unam
465 1351 599 1412 legat
637 1353 886 1414 collector,
927 1356 1130 1404 restabit
1161 1355 1198 1426 ,ὲ
1237 1354 1460 1414 divisori,
1513 1355 1742 1403 collector
1782 1369 1895 1402 vero
1935 1354 2134 1401 habebit
2173 1359 2359 1400 tantum
2394 1351 2431 1421 ξ,
2469 1359 2518 1399 et

282 1425 352 1472 sic
390 1425 436 1470 in
478 1425 715 1474 infinitum
753 1441 934 1489 usque,
989 1434 1043 1476 ut
1079 1430 1149 1476 ita
1186 1428 1328 1477 simul
1365 1429 1450 1476 fiat
1490 1429 1609 1476 haec
1648 1427 1833 1475 additio
1874 1434 1921 1474 et
1959 1426 2135 1474 divisio
2174 1431 2222 1474 et
2260 1427 2307 1471 in
2347 1425 2517 1473 eadem

283 1500 607 1559 proportione.
686 1499 752 1548 At
789 1502 830 1548 si
869 1501 937 1549 ita
975 1503 1334 1564 proportionem
1372 1501 1631 1564 adaugeat,
1672 1507 1726 1548 ut
1762 1514 1951 1562 semper
1990 1497 2192 1547 eandem
2232 1497 2519 1560 particulam

282 1575 441 1618 sumat
480 1576 527 1620 et
564 1570 736 1634 addat,
775 1575 1043 1636 permeabit
1080 1574 1296 1634 tandem,
1346 1576 1462 1637 quia
1501 1588 1640 1622 omne
1677 1572 1863 1620 finitum
1903 1573 2215 1634 quantumvis
2255 1573 2518 1618 maximum

281 1642 469 1691 absumi
515 1649 677 1706 potest
726 1646 920 1695 tandem
971 1661 1259 1710 quocunque
1298 1647 1460 1707 finito,
1515 1647 1828 1709 quantumvis
1878 1647 2091 1692 minimo.
2168 1645 2229 1692 Et
2266 1646 2336 1692 sic
2374 1645 2520 1691 etiam

280 1729 365 1778 per
402 1715 699 1767 additionem
745 1719 983 1768 infinitum
1025 1723 1073 1767 in
1110 1722 1328 1784 potentia
1369 1720 1530 1781 datur,
1580 1718 1712 1782 quod
1749 1718 1876 1767 idem
1916 1716 2275 1780 quodammodo
2316 1715 2519 1764 dicimus

281 1802 388 1838 cum
429 1788 654 1840 divisore.
730 1791 929 1855 Semper
966 1795 1092 1842 enim
1132 1792 1317 1856 aliquid
1355 1800 1491 1843 extra
1527 1794 1651 1841 sumi
1690 1797 1866 1855 potest.
1927 1790 2178 1840 Hactenus
2218 1788 2518 1838 Aristoteles.

283 1861 358 1910 Ad
397 1877 601 1925 quorum
642 1865 896 1914 verborum
938 1867 1311 1928 explicationem
1350 1867 1472 1915 haec
1508 1865 1659 1913 addo:
1699 1866 1953 1928 proposita
1989 1864 2051 1912 sit
2078 1863 2267 1912 duobus
2308 1864 2520 1911 homini-

283 1935 370 1983 bus
408 1935 627 1999 (divisori
668 1943 716 1988 et
755 1938 1021 2002 collectori)
1060 1954 1136 1988 res
1175 1941 1360 2002 aliqua,
1396 1953 1595 1988 numero
1639 1944 1704 1986 64
1743 1944 1933 1997 notata,
1985 1950 2132 1999 quam
2168 1938 2351 1998 primus
2391 1935 2521 1983 divi-

280 2007 364 2056 dat
409 2010 458 2056 in
510 2012 539 2056 2
581 2010 806 2072 aequalia
854 2018 1139 2074 partemque
1185 2012 1386 2061 alteram
1437 2018 1501 2060 32
1555 2011 1695 2060 cedat
1749 2009 2016 2070 collectori,
2084 2010 2286 2058 alteram
2332 2016 2520 2056 rursum

277 2080 473 2142 bisecet,
514 2089 561 2131 et
585 2088 771 2145 partem
810 2085 1092 2134 bisectionis
1136 2091 1197 2135 16
1227 2085 1369 2135 cedat
1406 2084 1669 2142 collectori,
1708 2083 1893 2145 reliqua
1938 2088 1999 2131 16
2040 2083 2224 2131 bisecet
2262 2088 2310 2131 et
2336 2087 2528 2143 partem!

278 2167 439 2214 unam,
479 2169 546 2206 sc.
586 2160 641 2215 8,
682 2156 822 2206 cedat
859 2158 1132 2217 collectori,
1186 2160 1257 2207 sic
1294 2161 1342 2206 in
1381 2158 1622 2206 infinitum
1673 2165 1844 2219 pergat
1882 2155 2145 2204 bisecando
2184 2161 2232 2204 et
2270 2153 2527 2202 dimidium

279 2226 522 2276 collectori
562 2228 793 2279 cedendo.
870 2231 1020 2290 DieO,
1069 2231 1200 2294 quod
1252 2232 1481 2281 collector
1527 2244 1777 2292 nunquam
1827 2229 2133 2277 confecturus
2168 2229 2232 2276 sit
2269 2229 2522 2290 pristinam

278 2314 515 2348 summam
557 2307 623 2351 64
665 2308 711 2350 et
749 2309 911 2352 tamen
950 2320 1139 2368 semper
1176 2307 1375 2368 propius
1414 2303 1476 2353 ad
1514 2303 1648 2351 illam
1679 2317 1977 2351 accessurus,
2031 2301 2230 2363 Semper
2257 2302 2383 2350 enim
2410 2306 2522 2348 tan-

281 2378 379 2419 tum
420 2373 487 2420 illi
529 2374 683 2424 deerit
720 2376 782 2424 ad
821 2392 1059 2426 summam
1107 2377 1469 2441 complendam,
1526 2382 1759 2438 quantum
1800 2375 1982 2423 divisor
2031 2374 2181 2423 babet
2225 2373 2385 2422 adhuc
2430 2373 2522 2422 sub

278 2446 517 2495 manibus.
571 2448 631 2495 Et
668 2448 790 2498 haec
829 2449 888 2499 de
928 2451 1114 2499 infinito
1152 2452 1202 2499 in
1239 2453 1474 2514 potentia.
1527 2449 1690 2498 Possit
1716 2455 1875 2497 autem
1903 2448 2049 2509 objici
2089 2453 2254 2495 contra
2287 2447 2350 2506 id,
2392 2445 2529 2508 quod

281 2517 504 2579 diximus,
546 2520 782 2570 infinitam
818 2524 1202 2586 magnitudinem
1241 2539 1338 2572 non
1378 2537 1484 2572 esse
1524 2521 1786 2571 secundum
1834 2521 2159 2580 additionem,
2213 2521 2283 2567 sic
2321 2525 2374 2567 ut
2411 2527 2526 2568 actu
2612 2559 2616 2562 .

279 2592 386 2653 ipso
427 2606 594 2641 versus
633 2595 926 2645 incrementa
962 2597 1158 2659 aequali
1196 2612 1343 2659 passu
1382 2597 1619 2659 permeari
1657 2608 1753 2642 non
1792 2596 1960 2656 possit.
2034 2593 2159 2641 Nam
2197 2592 2525 2641 mathematici

278 2665 327 2710 in
369 2663 834 2715 demonstrationum
874 2676 1112 2732 apparatu
1153 2671 1319 2718 crebro
1354 2670 1528 2731 jubent
1566 2667 1665 2716 fieri
1705 2666 1939 2715 infinitam
1986 2667 2193 2724 lineam,
2246 2665 2377 2727 quod
2421 2680 2521 2713 *non

277 2736 552 2800 intelligunt
591 2739 651 2788 de
688 2742 918 2800 sectione,
958 2742 1042 2790 sed
1083 2742 1142 2791 de
1167 2744 1215 2789 in
1243 2742 1440 2803 longum
1480 2740 1751 2798 eductione,
1792 2742 1862 2788 sic
1889 2747 1942 2786 ut
1980 2741 2232 2787 terminum
2273 2754 2330 2786 ex
2370 2737 2524 2786 altera

276 2815 413 2871 parte
449 2825 547 2859 non
585 2812 778 2861 habeat.
854 2814 1136 2877 Respondet
1177 2814 1463 2863 Aristoteles
1502 2811 1610 2878 (111.
1637 2812 1728 2863 Ph.
1759 2811 1846 2873 7.):
1886 2826 2044 2874 neque
2084 2811 2331 2873 postulare
2360 2825 2444 2858 eos
2470 2825 2524 2858 re

277 2894 394 2930 vera
432 2885 502 2932 sic
538 2883 804 2945 infinitam,
855 2893 909 2935 ut
945 2889 1178 2950 pei-meari
1229 2902 1325 2935 non
1365 2887 1542 2950 possit,
1595 2899 1752 2945 neque
1799 2887 1945 2933 etiam
1993 2884 2230 2946 ejusmodi
2281 2883 2524 2931 infinitam·

276 2956 394 3017 ipsis
434 2968 542 3007 esse
580 2958 753 3007 utilem·
788 2957 850 3006 ad
888 2959 1355 3020 demonstrationeS,
1411 2958 1496 3007 sed
1534 2958 1628 3005 hoc
1665 2958 1838 3006 saltem
1876 2957 2144 3019 postulare,
2198 2963 2253 3005 ut
2289 2958 2352 3004 sit
2390 2956 2527 3004 linea¹

277 3026 456 3090 aliqua,
499 3037 733 3092 quantam
767 3033 861 3094 ipsi
899 3033 1052 3082 velint
1090 3040 1138 3082 et
1174 3038 1320 3097 prout
1356 3046 1474 3081 usus
1513 3031 1936 3080 demonstrationis
1973 3031 2203 3094 postulat.
2281 3029 2388 3078 Non
2427 3039 2520 3092 po·

278 3100 429 3151 stulat
466 3109 628 3154 autem
667 3110 780 3154 actu
818 3105 1070 3156 infinitam.

1253 3255 1442 3327 Caput
1491 3251 1543 3309 7.

1001 3373 1084 3418 De
1120 3371 1304 3427 Parte,
1342 3371 1484 3416 Toto
1522 3370 1578 3415 et
1615 3367 1792 3414 Omni.

455 3468 575 3515 Cum
616 3475 850 3530 quantum
889 3469 942 3516 id·
977 3471 1066 3528 sit,
1108 3468 1239 3530 quod
1279 3474 1352 3515 est
1391 3465 1658 3525 dividuum,
1700 3466 1900 3514 habebit
1935 3468 2082 3528 igitur
2117 3474 2281 3529 partes
2320 3472 2368 3515 et
2408 3467 2519 3528 qui·-
2586 3448 2595 3467 ’ἶ

276 3540 409 3600 dem,
460 3547 511 3589 ut
542 3541 645 3603 jam
683 3541 988 3600 audivimus,
1035 3542 1181 3590 babet
1221 3539 1504 3601 magnitudo
1556 3539 1784 3598 infinitas,
1832 3541 1936 3587 sive
1985 3545 2103 3602 quot
2142 3542 2259 3601 quis
2292 3539 2514 3587 voluerit.
2591 3548 2599 3587 .’

279 3611 535 3661 Sciendum
574 3616 752 3675 itaque,
792 3614 908 3675 quid
947 3629 1064 3676 pars
1096 3616 1174 3662 sit.
1248 3614 1372 3661 Nam
1412 3614 1503 3660 etsi
1540 3610 1686 3658 XIII.
1716 3611 1832 3659 Met.
1874 3626 1913 3660 c.
1944 3617 1990 3660 3.
2030 3619 2175 3674 negat
2215 3611 2522 3670 Aristoteles,

279 3701 308 3733 a
344 3693 591 3746 geometra
626 3692 754 3735 reete
792 3686 1074 3748 hujusmodi
1116 3701 1259 3735 voces
1299 3684 1602 3744 considerari,
1642 3685 1734 3732 nisi
1773 3699 1832 3732 ex
1871 3684 2131 3748 hypothesi
2170 3684 2237 3747 (b.
2267 3698 2310 3731 e.
2350 3685 2443 3731 nisi
2467 3689 2524 3731 ut

277 3756 371 3804 illa-
398 3763 629 3819 tanquam
681 3765 808 3807 certa
860 3766 906 3807 et
957 3766 1073 3808 nota
1120 3759 1527 3821 praesupponat),
1579 3770 1668 3804 nos
1717 3763 1876 3805 tamen
1916 3758 2010 3806 boc
2057 3759 2211 3820 primo
2251 3756 2418 3804 libello
2458 3755 2518 3804 de

279 3831 631 3892 quantitatibus
670 3834 860 3894 agimus
897 3833 945 3878 in
969 3847 1161 3895 genere.
1212 3831 1433 3880 Refertur
1471 3835 1632 3878 autem
1660 3828 1783 3878 haec
1811 3844 1904 3878 vox
1944 3832 2067 3878 inter
2104 3828 2523 3878 transscendentiw

277 3909 326 3953 et
363 3908 436 3952 est
472 3906 737 3953 communis
783 3904 950 3955 multis
987 3920 1142 3954 rerum
1194 3903 1464 3968 generibus,
1541 3901 1759 3965 Cumque
1807 3903 1901 3952 hoc
1936 3909 2085 3966 pacto
2129 3903 2193 3951 sit
2227 3903 2525 3967 πολυσημος,ι
2576 3942 2585 3951 .
