2652 4088
286 132 394 190 272
883 130 1171 177 collectanea
1199 140 1257 177 ex
1286 129 1517 178 codicibus
1546 129 1932 178 PulkoviensibuS.
1980 112 1989 116 '¹

289 280 607 344 quadriennia
645 278 862 340 abirent,
917 284 1037 342 quot
1075 279 1381 329 sufficiebant
1417 279 1479 329 ad
1517 280 1882 331 Mercedonium
1921 280 2108 342 justum
2147 278 2319 327 diebus
2357 292 2531 341 super-

286 355 395 402 fluis
435 351 848 415 constituendum;
893 358 920 401 6
951 351 1271 414 quadriennia
1308 367 1397 401 seu
1433 356 1548 401 anni
1575 360 1642 403 24
1667 353 1870 403 totidem
1910 353 2014 401 dies
2037 351 2309 415 superfluos
2333 350 2529 411 habent,

286 431 422 475 sexto
462 426 626 486 itaque
667 424 982 487 quadriennio
1020 439 1107 487 pro
1148 427 1305 487 priore
1331 425 1644 475 Mercedonio
1672 425 2036 475 Mercedonium
2072 425 2389 488 posteriorem
2427 423 2533 471 die-

286 513 390 546 rum
431 502 494 546 23
538 499 832 558 omiserunt,
884 499 1098 560 itemque
1138 503 1187 546 et
1224 500 1394 560 quinto
1433 499 1750 561 quadriennio
1788 513 1876 561 pro
1914 500 2182 561 posteriore
2220 495 2532 545 Mercedonio

288 576 352 620 23
382 569 580 630 dierum,
623 576 687 619 22
717 577 905 619 tantum
946 569 1049 619 dies
1087 571 1456 620 intercalabant.
1519 572 1639 621 Inde
1680 573 1825 635 igitur
1863 578 1979 620 nata
2018 577 2091 620 est
2114 571 2337 620 Romana
2369 570 2534 633 perio-

285 643 375 692 dus
416 648 483 692 24
523 657 775 704 annorum,
817 658 964 706 quam
1002 642 1176 692 Livius
1212 643 1404 692 Numae
1442 643 1689 694 adscribit.

459 715 609 764 Porro
661 716 964 764 intercalatio
1020 718 1175 765 omnis
1215 716 1278 764 ad
1317 717 1682 779 exprimendum
1720 731 1911 766 cursum
1947 717 2168 765 lunarem
2205 721 2279 765 est
2316 716 2530 773 inventa,

286 788 496 837 Romani
536 803 653 838 vero
693 789 831 837 annis
869 788 967 837 illis
1008 794 1075 838 24
1116 789 1282 839 Solem
1323 789 1519 852 quidem
1557 791 1964 852 assequebantur,
2007 789 2093 839 sed
2130 789 2321 837 Lunam
2357 788 2537 836 sensim

290 862 596 914 amittebant.
673 861 883 924 Propius
923 864 1051 911 enim
1091 861 1333 925 quadrant
1369 862 1538 911 Lunae
1579 863 1640 912 ad
1679 862 1808 912 Solis
1852 864 2064 912 rationes
2104 864 2242 910 annis
2286 867 2350 910 19
2391 875 2537 923 quam

289 936 428 984 annis
470 940 555 987 24.
616 933 675 982 Id
712 934 795 983 ubi
821 937 1053 997 pensitari
1093 941 1319 999 coeptum
1357 941 1444 997 est,
1484 935 1681 984 tandem
1719 935 1842 985 haec
1878 935 2196 985 intercalandi
2222 936 2346 983 ratio
2371 934 2538 996 ponti-

283 1007 428 1057 ficum
466 1007 671 1071 collegio
713 1010 867 1056 omnis
905 1010 1143 1071 permissa
1180 1014 1277 1069 est,
1330 1014 1383 1056 ut
1422 1023 1530 1058 cum
1581 1023 1703 1072 opus
1757 1023 1865 1058 esse
1917 1009 2161 1058 videretur
2211 1022 2299 1057 suo
2339 1007 2536 1056 arbitrio

289 1081 648 1131 intercalarent.
701 1079 830 1129 Hinc
863 1075 965 1144 ja'm
1002 1087 1139 1130 tanta
1166 1081 1376 1130 Romani
1413 1085 1644 1145 temporis
1684 1082 1904 1131 confusio
1942 1088 2110 1131 secuta
2148 1086 2247 1142 est,
2305 1085 2535 1143 quantam

288 1155 350 1203 ab
389 1155 570 1217 ignaris
609 1155 936 1213 astronomiae
988 1154 1198 1217 odioque
1237 1154 1318 1204 vel
1367 1155 1555 1204 invidia
1603 1156 1975 1218 magistratuum
2013 1154 2117 1222 (qui
2155 1153 2334 1204 aemuli
2382 1152 2538 1215 erant)

284 1227 604 1290 flagrantibus
641 1229 883 1277 invectam
923 1242 1029 1276 esse
1067 1242 1163 1291 par·
1194 1233 1294 1288 est,
1342 1234 1396 1276 ut
1433 1242 1661 1278 successu
1699 1229 1927 1291 temporis
1965 1243 2158 1278 menses
2204 1226 2396 1291 penitus
2436 1227 2538 1274 suis

286 1300 485 1350 sedibus
524 1307 736 1350 errarent
772 1301 1102 1363 Martiusque,
1142 1315 1321 1351 vernus
1371 1302 1573 1363 mensis,
1626 1303 1676 1348 in
1714 1301 1922 1350 mediam
1974 1300 2184 1351 hiemem
2229 1304 2538 1362 competeret.

290 1372 429 1423 Adeo
469 1374 509 1422 si
550 1374 667 1437 quid
706 1374 946 1423 commodi
987 1375 1166 1423 Caesar
1212 1375 1356 1423 rebus
1394 1374 1627 1423 Romanis
1673 1375 1859 1435 attulit,
1913 1374 2005 1423 hoc
2052 1380 2182 1424 certe
2229 1374 2538 1436 potissimum

203 1444 221 1461 ⁸
289 1453 376 1507 est,
419 1446 548 1509 quod
589 1449 957 1497 vitiosissimum
1000 1462 1178 1496 annum
1219 1446 1510 1496 emendavit.
1575 1447 1689 1496 Jam
1728 1447 1912 1511 pridem
1952 1455 2115 1497 autem
2154 1461 2271 1496 usus
2312 1446 2540 1495 obtinue-

285 1525 376 1580 rat,
417 1526 470 1568 ut
509 1521 625 1583 quia
652 1521 888 1570 Consules
927 1523 1264 1584 magistratum
1302 1521 1489 1569 inibant
1529 1520 1756 1570 Calendis
1781 1520 2058 1582 Januariis‚
2096 1520 2190 1569 hoc
2229 1524 2376 1582 caput
2413 1519 2540 1578 anni,

284 1592 462 1641 Martio
501 1593 742 1658 neglectO,
784 1600 1071 1643 censeretur.
1140 1593 1322 1666 Caesar
1358 1595 1506 1656 igitur
1544 1608 1602 1643 eo
1642 1608 1784 1656 ann0,
1827 1609 1970 1662 quem
2008 1595 2318 1658 confusionis
2343 1606 2543 1641 armum
2606 1640 2631 1659 ι,

286 1665 558 1729 appellant,
614 1667 753 1729 cujus
803 1682 966 1716 mense
1004 1667 1271 1716 Februario
1314 1667 1419 1730 jam
1468 1674 1571 1716 erat
1619 1682 1750 1717 morc
1806 1669 1958 1717 veteri
1995 1667 2361 1727 intercalatum,
2415 1667 2540 1713 inter

284 1738 611 1789 Novembrem
651 1746 698 1788 et
724 1740 1045 1790 Decembrem
1086 1739 1330 1800 (ultimum
1369 1754 1426 1789 eo
1466 1745 1684 1803 tempore
1710 1739 1946 1802 mensem)
1990 1746 2052 1789 67
2086 1740 2188 1789 dies
2227 1739 2354 1788 ultra
2391 1738 2542 1787 inter-

287 1811 482 1874 calavit,
521 1818 575 1861 ut
613 1828 802 1862 summa
841 1813 946 1876 ejus
985 1815 1100 1861 anni
1139 1812 1321 1861 dierum
1362 1819 1490 1862 esset
1518 1814 1647 1873 444,
1689 1827 1784 1876 quo
1824 1813 2090 1863 Januariae
2131 1812 2404 1872 Calendae,
2444 1811 2542 1861 sci-

282 1883 395 1933 licet
434 1887 548 1933 anni
588 1893 750 1950 caput,
792 1887 841 1934 in
881 1887 1100 1935 brumam
1140 1891 1188 1934 et
1231 1886 1286 1935 8⁰
1317 1886 1374 1953 [ὅ
1422 1885 1668 1948 incideret,
1710 1901 1806 1949 quo
1847 1887 1955 1935 loco
1983 1885 2069 1936 Sol
2093 1904 2275 1951 τροπην
2300 1884 2537 1934 conficere

287 1959 672 2008 existimabatur.
748 1956 910 2022 thue
949 1973 1104 2007 annus
1143 1973 1287 2022 porro
1328 1958 1421 2007 sibi
1459 1959 1553 2022 ipsi
1592 1966 1827 2023 perpetuo
1866 1965 2082 2008 maneret
2120 1958 2355 2022 aequalis,
2395 1958 2540 2006 luna-
2607 1994 2609 2001 s

285 2045 383 2080 rem
423 2046 640 2093 cursum,
692 2037 746 2080 ut
785 2033 867 2096 qui
908 2047 1098 2096 semper
1137 2031 1319 2096 aliquid
1360 2034 1474 2080 novi
1514 2032 1727 2091 afferret,
1777 2034 1971 2096 penitus
2010 2032 2225 2095 neglexit
2263 2045 2540 2093 annumque

287 2118 477 2154 omnem
516 2105 578 2154 ad
618 2104 783 2154 Solem
821 2104 1229 2155 accommodavit.
1306 2105 1394 2153 Est
1432 2111 1595 2154 autem
1646 2105 1818 2155 solaris
1870 2112 1924 2154 ut
1974 2104 2154 2154 dictum
2196 2109 2296 2155 365
2339 2103 2539 2165 dierum,

283 2176 468 2227 lunaris
522 2186 626 2227 erat
677 2185 867 2227 tantum
909 2183 1010 2228 355
1053 2178 1260 2239 dicrum,
1316 2185 1546 2241 superant
1597 2184 1660 2228 10
1702 2178 1805 2228 dies
1860 2181 1908 2226 in
1961 2194 2150 2228 menses
2200 2176 2537 2227 distribuendi.

286 2249 469 2300 Caesar
522 2251 844 2302 Februarium
892 2253 1225 2315 superstitioni
1279 2258 1495 2301 veterum
1548 2252 1768 2315 reliquit,
1819 2252 2018 2314 reliquis
2070 2257 2255 2316 septem
2307 2251 2539 2301 brevibus

282 2325 550 2385 mensibuS‚
592 2325 674 2388 qui
716 2331 779 2374 29
824 2325 1007 2374 dierum
1048 2330 1207 2386 erant,
1260 2324 1463 2387 singulis
1519 2340 1667 2373 unum
1717 2325 1843 2374 diem
1884 2324 2098 2388 adJecit3
2154 2326 2237 2389 qui
2289 2325 2540 2373 restabant

278 2402 390 2460 treS,
432 2411 517 2448 eos
554 2398 623 2447 ita
663 2397 931 2460 distribuit,
971 2405 1025 2446 ut
1062 2399 1300 2446 mensium
1339 2398 1625 2447 vicissitudo
1654 2404 1803 2461 esset,
1856 2397 2020 2461 quoad
2058 2398 2163 2461 ejus
2214 2397 2317 2446 fieri
2355 2397 2537 2461 posset,

974 2470 1154 2520 relictis
1194 2477 1356 2520 tamen
1397 2473 1542 2520 etiam
1583 2477 1792 2535 quatuor
1827 2472 2068 2535 prioribus
2109 2473 2280 2520 auctis.
2344 2470 2537 2519 Tertius
2600 2486 2602 2488 ·

617 2530 939 2606 ὼ
974 2546 1122 2607 igitur
1160 2544 1222 2593 ab
1264 2542 1478 2605 Octobri,
1520 2545 1804 2606 December,
1848 2550 1896 2595 et
1932 2546 2101 2594 tertius
2150 2550 2261 2593 ante
2289 2543 2535 2605 Martium,
2592 2556 2601 2602 s

637 2612 676 2651 7.
854 2613 895 2655 3,
975 2616 1257 2675 Januarius‚
1298 2617 1515 2681 singulos
1563 2632 1817 2682 suscepere
1858 2617 1985 2678 dies,
2027 2623 2080 2666 ut
2118 2631 2272 2666 annus
2310 2619 2538 2679 utrinque
2592 2643 2603 2677 ‘a

371 2667 443 2766 ἐξ
473 2690 529 2766 2}
605 2670 678 2767 23³3·
711 2692 762 2698 ““’
826 2671 895 2711 31.
977 2689 1133 2754 plenis
1173 2690 1491 2739 clauderetur.
1553 2689 1735 2740 Unicus
1774 2691 2004 2751 restabat,
2045 2704 2204 2752 aequa
2242 2691 2428 2739 ratione
2461 2689 2537 2739 vel
2591 2730 2594 2757 ἰ

371 2754 444 2828 31:
474 2756 544 2827 31:
607 2754 678 2826 {11
979 2762 1131 2812 Junio
1171 2762 1251 2812 vel
1290 2762 1504 2825 Quintili
1545 2770 1838 2827 competenS,
1881 2778 2027 2826 quern
2067 2763 2295 2812 credibile
2335 2769 2408 2812 est
2445 2777 2536 2812 na·
2580 2815 2582 2821 ,

432 2873 440 2884 .
475 2865 531 2872 —-
668 2876 678 2887 .
1409 2853 1419 2882 ι
1699 2853 1711 2883 ι
2004 2853 2025 2884 s
2175 2853 2188 2884 1
2295 2853 2316 2885 s

371 2845 426 2884 29
607 2846 662 2885 30
980 2836 1138 2884 talitro
1179 2850 1284 2896 su0,
1326 2835 1401 2898 Qu
1425 2835 1546 2897 utili,
1586 2843 1693 2899 grat
1717 2836 1912 2884 ficatum
1951 2851 2000 2885 es
2032 2851 2071 2897 e,
2113 2851 2170 2885 cu
2227 2851 2290 2900 po
2322 2836 2537 2886 tmodum
2651 2891 2652 2895 Ἰ

372 2904 442 2982 :⁹³1-
475 2903 548 2947 31,
610 2905 678 2943 31.
982 2910 1127 2958 etiam
1176 2923 1352 2958 nomen
1403 2910 1450 2955 in
1490 2908 1677 2957 Julium
1726 2909 1817 2957 fuit
1868 2915 2131 2971 mutatum,
2187 2917 2238 2959 ut
2276 2909 2448 2959 Sextili
2486 2911 2536 2956 in

370 2963 441 3061 ἐξ·
474 2983 528 3048 Ζ
603 2964 671 3062 gg·
708 3044 759 3050 „-
821 3024 872 3063 31
982 2981 1276 3044 Angustum.
1354 2981 1527 3031 Cetera
1565 2982 1759 3045 reliquit
1799 2981 2051 3043 inviolata,
2092 2998 2176 3032 sex
2214 2983 2404 3044 NonaS,
2451 2983 2534 3031 ubi
2588 2974 2595 2996 ³

371 3049 444 3122 31:
479 3081 548 3120 31.
610 3053 681 3124 31..
881 3054 891 3065 ’
984 3059 1120 3104 erant
1157 3057 1206 3102 in
1243 3054 1748 3114 veteriCalendariO,
1798 3054 1925 3104 diem
1974 3062 2023 3105 et
2059 3070 2274 3106 mensem
2317 3057 2532 3105 interca·
2580 3082 2616 3119 μ

371 3140 443 3182 29.
479 3157 526 3174 ,-
610 3141 679 3181 30,
982 3127 1132 3187 laudi,
1178 3127 1513 3190 „terminalia“
1545 3133 1633 3178 ete.
1700 3129 1853 3176 Annis
1891 3135 2053 3177 autem
2084 3131 2114 3177 4
2142 3144 2288 3192 supra
2316 3133 2418 3179 365
2450 3143 2534 3178 ex·
2559 3135 2562 3137 ’

373 3199 444 3240 31.
477 3199 547 3242 31.
611 3200 680 3239 31.
983 3201 1245 3262 crescebat,
1286 3206 1339 3248 ut
1376 3207 1545 3249 notum
1585 3206 1673 3262 est,
1712 3203 1900 3263 integer
1939 3201 2063 3263 dies,
2106 3217 2246 3265 quem
2287 3201 2364 3251 die
2404 3201 2534 3251 dicto
2586 3214 2588 3219 ·

371 3258 442 3355 ἐξ·
475 3277 530 3343 Σ
610 3258 681 3356 {3⁴
721 3336 761 3343 ...
831 3316 883 3356 31
976 3274 1125 3336 jussit
1164 3278 1334 3336 quarto
1376 3288 1571 3336 quoque
1611 3288 1737 3322 anno
1776 3275 2065 3336 intercalari,
2113 3277 2188 3324 bis
2228 3275 2355 3324 dicto
2396 3282 2533 3324 sexto
2580 3265 2638 3343 rf’j

982 3346 1224 3396 Calendas
1251 3347 1430 3407 Martii,
1471 3353 1524 3395 ut
1561 3347 1744 3396 scilicet
1782 3349 1928 3397 etiam
1967 3350 2017 3397 in
2056 3348 2150 3398 hoc
2186 3362 2238 3399 se
2278 3363 2532 3413 compara-

345 3390 446 3432 355.
485 3411 529 3420 ⁸*
566 3391 667 3431 362.
699 3411 754 3419 “““
787 3391 888 3431 365.
979 3426 1052 3470 ret
1089 3419 1152 3470 ad
1191 3421 1585 3484 superstitionem
1623 3426 1856 3471 veterum.
