2652 4088
409 1325 483 1370 Ex
513 1318 671 1376 schola
701 1324 899 1383 Kepleri,
930 1324 1088 1370 habita.
1116 1325 1163 1374 in
1194 1321 1439 1384 Gymnasio
1472 1321 1717 1377 Graecensi
1747 1334 1786 1366 c.
1819 1334 1859 1369 a.
1895 1321 2020 1369 1597,

519 1501 777 1571 Fabrica
823 1503 1093 1573 theoriae
1140 1501 1540 1575 secundorum
1589 1496 1916 1571 mobilium.

259 1782 387 1830 Ante
427 1784 590 1830 omnia
628 1784 696 1832 sis
737 1786 1000 1832 instructus
1034 1783 1173 1846 justa
1211 1783 1381 1847 regula
1420 1788 1467 1832 et
1495 1783 1688 1841 circino,
1731 1782 1841 1831 dein
1880 1780 2076 1844 aequali
2113 1786 2162 1830 et
2199 1781 2348 1845 plana

88 1851 257 1905 tabula
294 1855 626 1918 cujuscunque
667 1859 915 1916 materiae,
956 1858 1101 1906 modo
1141 1858 1425 1915 constantis,
1466 1867 1622 1919 eaque
1659 1865 1847 1920 papyro
1874 1855 2102 1905 obducta.
2167 1854 2348 1917 Cujus-

17 1959 19 1982 ;
89 1928 220 1976 modi
272 1929 470 1978 tabulae
522 1944 629 1978 cum
682 1930 968 1993 plerumque
1019 1933 1117 1978 sint
1156 1930 1525 1994 quadrangulae
1565 1928 1834 1991 oblongae,
1885 1934 1936 1976 tu
1983 1929 2207 1989 longiora
2247 1922 2343 1976 duo

18 1998 19 2006 ’
89 2001 243 2050 latera
283 2001 501 2051 dextrum
552 2009 600 2050 et
648 2005 918 2062 sinistrum,
973 2003 1069 2052 duo
1122 2005 1369 2053 brreviora
1419 2017 1660 2053 summum
1711 2008 1758 2051 et
1808 2000 2023 2049 infimum
2070 2001 2244 2062 dicito,
2296 2007 2346 2050 et

20 2131 23 2143 .
87 2073 253 2132 titulo,
304 2089 447 2137 quem
486 2075 682 2124 tabulae
721 2088 826 2124 esse
867 2077 1101 2137 volueris,
1141 2077 1371 2140 inscripto
1410 2076 1630 2135 cavebis,
1670 2090 1729 2124 ne
1769 2075 1817 2122 in
1854 2075 2170 2137 sequentibus
2208 2090 2345 2124 sum-

22 2149 23 2153 ’
89 2162 219 2196 mum
259 2162 366 2195 cum
407 2147 569 2196 infimo
608 2148 891 2199 confundas.

261 2219 375 2268 Jam
417 2236 446 2268 a
485 2221 654 2270 dextro
694 2221 754 2270 ad
793 2224 1040 2271 sinistrum
1079 2221 1258 2271 lineam
1295 2222 1478 2285 justam
1502 2229 1698 2270 coccam
1726 2212 1907 2279 ducite,
1948 2221 2018 2268 sic
2057 2226 2111 2269 ut
2148 2220 2233 2269 illa
2259 2235 2345 2284 per

24 2307 26 2317 ¹
90 2291 300 2341 medium
341 2293 537 2342 tabulae
577 2302 803 2343 transeat.
878 2292 1023 2343 Hanc
1060 2301 1385 2344 transversam
1432 2308 1630 2343 coecam
1675 2294 1853 2342 lineam
1892 2295 1940 2341 in
1980 2294 2076 2343 duo
2116 2294 2346 2357 aequalia

26 2364 27 2373 ¹
85 2365 218 2429 juste
257 2366 478 2414 dividite.
555 2367 609 2414 In
648 2375 829 2431 puncto
878 2367 1133 2416 divisionis
1178 2369 1364 2431 justam
1412 2367 1860 2431 perpendicularem
1911 2367 2205 2427 coloratam,
2257 2367 2345 2416 sed

88 2437 316 2487 subtilem
353 2439 630 2499 admodum,
672 2441 907 2490 beneficio
947 2443 1108 2490 circini
1149 2443 1337 2503 erigito.
1417 2440 1665 2489 Transibit
1703 2440 1850 2502 igitur
1889 2439 1972 2487 illa
2010 2455 2094 2503 per
2132 2440 2344 2490 medium

89 2510 285 2560 tabulae
323 2513 588 2561 secundum
628 2514 996 2577 longitudinem.
1049 2513 1146 2564 Ubi
1184 2529 1331 2564 coeca
1370 2519 1418 2563 et
1457 2513 1674 2562 colorata
1715 2513 1845 2563 linea
1881 2528 1932 2561 se
1962 2521 2129 2562 mutuo
2157 2522 2341 2573 secant,

88 2584 156 2633 un
192 2592 410 2634 centrum
446 2589 659 2634 omnium
699 2589 889 2636 orbium
927 2589 1158 2649 cogitato.
1236 2588 1399 2651 Atque
1438 2586 1553 2635 huic
1589 2593 1771 2649 puncto
1812 2588 2086 2636 memineris
2123 2589 2342 2650 apprime

91 2671 306 2720 parcere,
361 2661 745 2722 quotiescunque
795 2675 887 2709 usu
939 2663 1102 2709 veniat
1151 2667 1203 2709 ut
1242 2663 1287 2710 ei
1339 2661 1503 2709 circini
1552 2660 1726 2722 pedem
1775 2661 2039 2722 imprimas.
2114 2660 2166 2709 Si
2216 2662 2343 2709 enim

90 2732 232 2778 nimis
270 2744 484 2780 erassum
523 2732 801 2792 reddideris,
841 2736 1025 2782 incerta
1066 2734 1154 2781 erit
1193 2735 1348 2782 omnis
1386 2734 1548 2781 sutura
1585 2734 1799 2796 partitio,

265 2803 463 2853 Lineann
503 2806 647 2867 igitur
686 2821 881 2855 coccam
919 2822 950 2855 a
989 2813 1151 2855 centro
1190 2822 1344 2869 usque
1383 2806 1446 2854 ad
1484 2806 1613 2855 latus
1655 2805 1731 2854 vel
1781 2806 1880 2855 sere
1918 2816 2074 2869 usque
2113 2800 2174 2855 ad
2214 2805 2343 2854 latus

93 2876 344 2939 (punctum
385 2885 546 2927 autem
586 2880 749 2938 facies,
791 2881 873 2928 ubi
912 2879 1046 2929 illam
1085 2882 1342 2929 terminare
1371 2874 1644 2948 placuerit),
1686 2893 1795 2928 cum
1826 2879 1962 2942 justo
1991 2887 2038 2928 et
2065 2885 2209 2927 acuto
2248 2881 2343 2927 cir-

93 2948 202 2998 culo
240 2949 430 3008 divides
467 2954 517 2999 in
559 2957 658 3000 100
687 2954 951 3015 particulas
987 2952 1236 3015 aequales,
1288 2951 1431 3014 Quod
1469 2959 1523 3001 ut
1558 2958 1695 3000 tanto
1724 2953 2024 3000 commodius
2050 2951 2149 3011 fiat,
2178 2951 2343 3000 divide

93 3023 297 3085 primum
346 3030 498 3072 totam
547 3025 681 3073 illam
718 3040 748 3074 a
786 3034 951 3075 centro
997 3039 1154 3088 usque
1204 3025 1266 3075 ad
1317 3026 1424 3089 ejus
1471 3027 1727 3074 terminum
1776 3027 1823 3071 in
1866 3030 1894 3074 5
1935 3024 2006 3087 (et
2043 3030 2188 3073 nota:
2242 3037 2339 3072 non

93 3086 201 3143 (lico
238 3098 286 3144 te
325 3093 499 3146 debere
540 3100 569 3146 5
609 3112 740 3146 nova
777 3104 956 3161 puncta
994 3112 1198 3161 ponere3
1239 3099 1308 3147 sic
1346 3099 1474 3146 enim
1514 3096 1727 3147 efficeres
1766 3112 1860 3146 non
1903 3100 1930 3145 5
1972 3096 2056 3145 sed
2085 3102 2112 3145 6
2141 3095 2341 3161 partes).

95 3153 282 3217 Deinde
331 3168 501 3217 barum
543 3173 572 3219 5
612 3171 956 3233 particularum
997 3168 1264 3234 quamlibet
1315 3185 1500 3218 rursum
1540 3171 1588 3217 in
1631 3174 1688 3227 5,
1744 3178 1798 3219 ut
1843 3166 1962 3217 fiant
2001 3171 2067 3218 25
2109 3167 2342 3231 aequales

36 3247 38 3256 ’
93 3240 373 3303 particulae,
415 3257 617 3304 quarum
656 3243 875 3306 singulas
919 3245 966 3290 in
1008 3247 1037 3293 2
1079 3242 1294 3302 divides,
1344 3250 1398 3291 ut
1444 3242 1629 3292 habeas
1671 3247 1761 3301 50,
1811 3249 1859 3291 et
1909 3241 2077 3291 barum
2131 3239 2340 3303 denique

91 3311 308 3375 singulas
346 3316 392 3360 in
435 3320 463 3363 2
505 3313 727 3364 dividens
766 3315 969 3364 habebis
1013 3318 1130 3364 100.
1202 3312 1463 3363 Adscribes
1502 3321 1665 3364 autem
1715 3314 1930 3366 decimae
1971 3315 2145 3377 cuique
2182 3315 2340 3378 parti-

97 3385 235 3435 culae
275 3401 415 3434 suum
455 3401 705 3435 numerum
743 3402 956 3447 coecum,
996 3403 1026 3435 a
1066 3394 1229 3436 centro
1268 3401 1483 3438 exorsus.

264 3452 379 3507 Jam
406 3457 468 3506 ad
496 3455 712 3507 tabulam
740 3459 1079 3521 perficiendam
1119 3473 1241 3523 opus
1281 3458 1368 3507 tibi
1408 3461 1498 3507 crit
1535 3460 1734 3507 seorsim
1773 3458 1938 3521 aliqua
1978 3458 2152 3521 rotula,
2194 3467 2339 3523 quam

42 3530 49 3608 l
101 3541 159 3580 ex
197 3544 352 3579 aenea
390 3530 569 3579 lamina
607 3527 708 3579 fieri
748 3534 982 3594 optimum
1022 3539 1108 3580 est.
1185 3530 1322 3593 Quae
1361 3532 1563 3580 materia
1599 3531 1641 3578 si
1678 3529 1846 3579 haberi
1886 3545 1980 3579 non
2021 3538 2206 3595 potest,
2253 3547 2340 3581 su-

45 3636 49 3646 .
97 3604 255 3651 matur
293 3617 508 3666 papyrus
548 3604 770 3665 utrinque
809 3602 1041 3663 mundus,
1082 3601 1234 3651 tribus
1284 3611 1369 3652 aut
1405 3618 1644 3652 summum
1684 3611 1891 3665 quatuor
1927 3603 2056 3652 soliis
2096 3604 2341 3665 congluti-

43 3738 45 3740 .
100 3678 259 3733 batus,
300 3675 438 3737 cujus
474 3673 684 3723 latitudo
722 3677 787 3723 sit
825 3675 921 3724 sere
961 3684 1014 3723 ut
1052 3673 1135 3724 illa
1171 3673 1314 3735 linea,
1353 3677 1400 3723 in
1445 3679 1545 3726 100
1586 3685 1745 3738 partes
1786 3675 1959 3728 divisa.
2036 3676 2091 3726 In
2130 3676 2225 3728 hac
2262 3685 2342 3727 ta—

48 3769 55 3838 s
101 3743 233 3796 bella
272 3747 418 3796 duces
458 3751 486 3796 3
527 3747 684 3796 lineas
722 3747 1006 3807 circulares,
1046 3747 1236 3811 aequali
1277 3748 1531 3797 intervallo
1569 3755 1799 3809 remotas,
1853 3764 1918 3798 sc.
1959 3764 2066 3799 cum
2106 3749 2340 3815 amplitu-

102 3807 211 3868 dine
252 3823 346 3880 36,
388 3822 480 3879 38,
523 3825 587 3869 40
628 3822 851 3884 partium.
928 3819 1111 3869 Harum
1150 3818 1356 3871 mediam
1396 3824 1579 3883 nigram
1621 3818 1807 3871 divides
1856 3835 1962 3872 cum
2004 3824 2202 3873 immoto
2242 3826 2338 3873 cir-

53 3941 55 3946 ,
100 3887 206 3942 cino
241 3893 345 3943 sine
383 3894 581 3957 negotio
618 3894 666 3942 in
704 3895 866 3958 partes
907 3898 953 3946 6.
1016 3890 1201 3944 Harum
1240 3896 1448 3958 partium
1487 3895 1870 3947 extremitatibus
1908 3897 2064 3966 incipe
2103 3912 2132 3947 a
2171 3896 2339 3951 dextra
