2652 4088
321 165 390 229 68
1255 165 1284 211 J
1288 167 1442 211 oannis
1473 159 1659 224 Kepleri

328 325 485 371 einum
527 324 699 368 exacta
736 316 1032 366 rotunditate
1049 314 1135 378 ²⁴),
1175 315 1305 378 quod
1343 315 1664 364 funiculorum
1703 316 2001 378 aequalitate
2040 331 2070 363 a
2108 314 2306 364 centrali
2345 311 2459 377 palo
2487 327 2573 363 ex-

325 402 570 444 tensorum
612 387 1072 452 consequuntur-²⁵).-
1147 388 1256 437 Hoc
1293 394 1437 451 pacto
1477 388 1552 448 fit,
1593 395 1646 436 ut
1683 404 1778 437 non
1817 390 1947 436 fossa
1987 395 2170 436 tantum
2210 388 2445 450 profunde
2483 386 2574 435 ad-

326 468 522 515 modum
562 466 625 512 sit
665 464 920 526 depressa,
973 462 1058 511 sed
1098 466 1246 510 etiam
1299 468 1512 509 centrum
1563 463 1727 524 oppidi
1778 462 1927 509 veluti
1973 462 2229 508 umbilicus
2269 463 2448 508 ventris
2488 475 2574 507 ex-

331 539 642 587 tumescentis
681 538 728 583 in
769 538 979 597 speciem
1019 535 1222 582 lacunae
1263 534 1514 581 dehiscens
1554 531 1892 598 spectetur-2⁶),
1934 540 2036 580 toto
2077 536 2253 581 circum
2280 535 2463 581 ambitu
2491 546 2577 594 per

329 613 686 659 acervationem
740 610 969 656 materiae
1019 623 1077 655 ex
1114 608 1246 655 fossa
1285 613 1480 667 egestae
1528 606 1658 654 elato
1706 610 1752 654 in
1793 603 2042 668 altum‘2’0).
2117 606 2241 653 Nam
2281 621 2311 653 a
2347 606 2479 653 fossa
2515 603 2576 651 ad

326 691 544 732 centrum
585 696 739 743 usque
778 683 926 728 nimia
951 688 1078 727 esset
1104 680 1347 727 intervalli
1387 678 1638 740 prolixitas
1678 680 1740 726 ad
1779 681 2030 727 materiam
2069 675 2456 742 egerendamffl).
2521 676 2577 723 In

324 757 449 804 hanc
495 756 642 816 igitur
695 754 875 801 fossam
920 753 1161 815 colligitur
1200 753 1427 814 uliginosi
1468 754 1622 814 campi
1671 752 1843 800 humor
1860 746 1952 815 ²⁹),
2005 754 2307 813 siccaturque
2347 748 2578 813 quicquid

326 836 398 877 est
437 829 579 890 spatii
620 829 874 873 introrsum
903 840 931 872 a
957 823 1184 890 fossa³‘')‚
1226 825 1372 886 fitque
1414 825 1559 882 fossa,
1603 839 1710 872 cum
1750 826 1890 886 aquis
1919 825 2143 884 exundat,
2184 823 2475 886 navigabilis
2493 819 2577 885 ’‘¹),

326 915 432 950 cum
475 901 690 959 exaruit,
749 900 960 948 terrestri
1011 901 1180 946 itinere
1235 897 1542 959 permeabilis
1563 893 1644 962 ³²).
1722 896 2023 959 Quacunque
2070 899 2216 960 igitur
2266 898 2444 959 ingruit
2483 895 2579 943 illis

326 973 562 1022 violentia
603 971 759 1032 Solis,
810 986 977 1020 versus
1018 971 1150 1018 illam
1190 963 1434 1019 circularis
1473 970 1631 1017 fossae
1679 978 1864 1032 partem
1914 985 2020 1018 sese
2060 973 2294 1031 recipiunt
2341 970 2431 1017 sub
2471 984 2580 1015 um-

326 1048 463 1095 bram
503 1046 618 1093 valli
658 1047 906 1094 exterioris
925 1042 1008 1109 3³),
1049 1047 1132 1107 qui
1173 1046 1219 1090 in
1260 1053 1422 1092 centro
1450 1044 1594 1104 spatii
1634 1039 1849 1107 sunt³⁴)‚
1900 1050 1947 1090 et
1987 1046 2068 1105 qui
2113 1044 2240 1091 ultra
2277 1052 2491 1090 centrum
2532 1043 2578 1088 in

327 1127 463 1183 parte
502 1119 662 1167 fossae
689 1134 719 1166 a
745 1117 873 1165 Sole,
899 1132 1114 1176 aversae,
1155 1118 1245 1164 sub
1285 1118 1502 1164 umbram
1544 1117 1781 1163 interioris
1801 1113 1880 1180 ³⁵).
1935 1117 2096 1176 Atque
2135 1119 2206 1164 sic
2238 1130 2326 1178 per
2364 1116 2467 1163 dics
2499 1118 2578 1174 15,

329 1193 506 1255 quibus
545 1193 785 1240 continuis
823 1206 852 1238 a
891 1191 1004 1239 Sole
1045 1197 1248 1238 torretur
1285 1191 1446 1247 locus,
1487 1189 1705 1236 umbram
1744 1190 1897 1237 secuti
1936 1191 2128 1251 proprio
2166 1188 2408 1236 vocabulo
2445 1206 2580 1252 περι-

327 1284 566 1323 πατουσιν,
594 1272 781 1313 aestum
809 1263 1071 1312 tolerantes
1091 1259 1174 1326 3⁶).
1236 1261 1371 1311 Haec
1398 1261 1712 1324 problematis
1739 1263 1787 1308 in
1814 1275 1994 1310 morem
2023 1264 2387 1323 tibi‘proposita
2420 1268 2579 1320 sunto,

326 1339 626 1386 membratim
667 1336 1029 1399 comprobanda
1066 1351 1126 1384 ex
1162 1337 1278 1398 ipsis
1317 1337 1613 1398 apparentiis
1651 1333 1927 1397 perspicillo
1969 1335 2169 1383 detectis
2189 1331 2274 1394 ³⁷),
2317 1336 2356 1381 si
2385 1348 2471 1382 eae
2496 1346 2582 1397 per
2627 1373 2631 1378 .

329 1413 576 1459 axiomata
615 1413 790 1472 optica,
831 1410 1049 1474 physica,
1089 1409 1423 1472 metaphysica
1463 1408 1524 1455 ad
1563 1406 1874 1456 collectiones
1914 1409 2031 1455 istas
2060 1406 2483 1456 accommodentur
2501 1402 2579 1468 ³⁸⁸).

329 1483 430 1533 Sed
468 1484 590 1532 haec
627 1483 812 1531 ludicra
851 1489 964 1531 sunt
1002 1489 1092 1531 etc.

813 1925 1076 1996 Notae
1129 1928 1234 1996 ad
1281 1929 1496 1998 hanc
1545 1928 2097 2014 appendicem.

506 2093 546 2136 1.
579 2092 836 2150 Propositio
867 2092 1086 2150 quaedam
1114 2101 1183 2142 est
1223 2100 1268 2140 et
1308 2107 1480 2140 summa
1522 2095 1802 2151 sequentium
1851 2095 2063 2139 thesium:
2098 2105 2210 2151 quas
2242 2092 2345 2150 quia
2375 2106 2495 2137 num.
2530 2093 2584 2138 37

334 2157 520 2215 promisi
551 2170 622 2201 me
653 2157 964 2203 demonstrare
1002 2159 1117 2206 velle
1154 2176 1209 2206 ex
1242 2162 1542 2218 apparentiis,
1583 2175 1700 2206 num
1735 2162 1791 2206 38
1822 2175 1903 2217 per
1934 2162 2160 2206 axiomata
2192 2160 2352 2217 optica,
2384 2149 2585 2216 physica,

337 2225 648 2282 metaphysica
677 2225 995 2283 accomodatis‚
1028 2225 1072 2270 id
1105 2227 1176 2271 his
1208 2227 1253 2271 in
1286 2227 1404 2271 notis
1435 2226 1645 2271 effectum
1678 2226 1810 2270 dabo

505 2291 542 2335 Ι.
573 2291 868 2347 Apparentia.
912 2293 964 2336 In
987 2291 1224 2348 superficie
1244 2294 1416 2348 Lunae,
1445 2307 1544 2337 cum
1569 2299 1781 2337 censetur
1801 2299 1959 2338 exacte
1979 2297 2216 2349 ὀιχοτομος,
2238 2298 2390 2348 partes
2413 2290 2588 2335 lucidae
2648 2335 2652 2338 Α

335 2361 609 2414 procurrunt
639 2370 719 2402 seu
751 2358 1075 2402 continuantur
1102 2357 1222 2402 ultra
1253 2359 1467 2404 sectionis
1499 2366 1668 2402 rectam
1698 2358 1863 2403 lineam
1903 2372 1986 2415 per
2014 2365 2167 2415 partes
2197 2357 2449 2402 maculosas
2481 2355 2587 2400 duc-

335 2429 441 2479 tam,
474 2429 519 2468 et
549 2423 780 2468 insinuant
810 2437 860 2470 se
889 2425 934 2468 in
966 2424 1154 2468 alteram
1187 2426 1342 2470 Lunae
1373 2432 1548 2480 partem
1580 2424 1853 2472 umbrosam.

508 2490 565 2534 ιι.
599 2490 645 2533 si
677 2489 733 2534 aa
766 2490 883 2536 hanc
913 2492 1221 2548 apparentiam
1254 2491 1454 2547 applices
1486 2491 1712 2535 axiomata
1743 2491 2016 2546 indubitata,
2049 2489 2170 2545 quod
2200 2487 2314 2533 radii
2346 2486 2464 2532 Solis
2496 2486 2587 2531 sint
2649 2463 2652 2526 ἶ

336 2555 568 2609 rectilinei,
603 2555 722 2610 quod
753 2557 885 2602 Luna
915 2557 975 2600 sit
1005 2571 1168 2613 corpus
1200 2557 1449 2613 globosum,
1483 2555 1603 2612 quod
1627 2557 1766 2601 sectio
1788 2556 1865 2600 illa
1895 2556 2053 2600 Lunae
2075 2556 2133 2599 sit
2153 2554 2263 2598 nihil
2285 2553 2420 2610 aliud,
2454 2565 2589 2608 quam

339 2622 556 2665 terminus
588 2618 929 2666 illuminationis
962 2635 1016 2665 ex
1051 2624 1168 2682 Sole,
1202 2625 1248 2667 in
1281 2635 1369 2678 quo
1403 2623 1590 2666 extremi
1620 2623 1735 2667 Solis
1767 2622 1879 2666 radii
1910 2622 2086 2665 Lunam
2118 2619 2408 2676 contingunt,
2443 2617 2507 2663 sic
2538 2624 2592 2673 ut,

337 2700 442 2744 pars
473 2687 631 2731 Lunae
663 2687 844 2731 citerior
873 2688 1123 2734 illuminata
1153 2689 1394 2733 inclinetur
1425 2702 1583 2732 versus
1617 2687 1789 2744 Solem,
1822 2701 1928 2745 pars
1961 2685 2147 2730 ulterior
2179 2685 2392 2730 umbrosa
2421 2689 2467 2729 et
2496 2694 2602 2728 non·

338 2751 590 2796 illuminata
620 2751 674 2795 ob
709 2753 1039 2796 convexitatem
1068 2754 1308 2799 inclinetur
1339 2769 1366 2798 a
1399 2754 1515 2810 Sole,
1549 2759 1594 2797 et
1626 2753 1746 2809 quod
1776 2759 2029 2809 propterea,
2064 2751 2168 2796 dato
2201 2751 2334 2808 globo
2367 2748 2590 2808 aequabili

344 2823 390 2861 et
419 2817 642 2873 perfecto,
685 2817 848 2862 debeat
886 2820 1064 2863 omnino
1107 2820 1247 2865 sectio
1281 2832 1381 2863 esse
1413 2819 1614 2875 perfecta
1644 2817 1764 2862 linea
1793 2825 1917 2862 recta
1954 2819 2000 2863 in
2030 2817 2223 2874 quadra,
2267 2822 2347 2862 aut
2386 2817 2591 2875 perfecta

345 2882 544 2939 elliptica
575 2888 680 2926 ante
712 2888 757 2926 et
787 2889 892 2939 post
923 2885 1160 2940 quadram:
1194 2892 1408 2940 sequetur
1439 2885 1632 2939 omnino,
1665 2890 1716 2928 ut
1745 2885 1822 2930 ubi
1854 2885 1991 2929 sectio
2023 2899 2111 2929 non
2144 2890 2214 2929 est
2242 2883 2442 2941 perfecta
2470 2882 2591 2928 linea

340 2955 480 3005 recta,
515 2949 593 2992 sed
625 2949 749 2993 velut
778 2950 990 2995 intercisa
1022 2951 1230 2996 dentibus
1260 2950 1420 2994 lucidis
1452 2949 1497 2992 in
1528 2956 1702 3005 partem
1734 2950 1989 2995 umbrosam
2019 2952 2212 3007 insertis,
2244 2951 2305 2995 ibi
2326 2964 2408 2996 nec
2429 2950 2590 3006 globus
2643 2959 2652 2999 ξ-

339 3015 495 3059 Lunae
533 3014 734 3070 perfecte
771 3015 829 3059 sit
868 3016 1151 3072 sphaericuS,
1194 3023 1336 3072 utque
1377 3015 1534 3060 dentes
1576 3015 1642 3059 illi
1683 3017 1819 3061 lucidi
1859 3019 1948 3062 sint
1988 3023 2141 3073 partes
2182 3022 2415 3062 exstantes
2455 3029 2590 3074 supra

2640 2587 2652 2685 i

2645 2925 2652 2947 d

2641 2998 2652 3031 i

343 3081 626 3138 superficiem
657 3082 854 3137 partium
885 3082 1237 3135 maculosarum,
1280 3082 1372 3126 sive
1403 3085 1453 3124 ut
1481 3088 1635 3137 partes
1667 3081 1925 3126 maculosae
1955 3087 2166 3138 respectu
2205 3081 2448 3127 vicinarum
2479 3081 2590 3126 luci·
2634 3054 2652 3129 ‘i

341 3146 501 3194 darum
531 3148 621 3191 sint
653 3148 915 3204 depressae,
949 3150 1013 3193 sic
1045 3155 1095 3194 ut
1124 3149 1257 3194 iidem
1287 3147 1401 3192 radii
1434 3148 1573 3203 Solis,
1619 3147 1696 3204 qui
1726 3154 1880 3204 partes
1909 3149 2164 3194 maculosas
2196 3149 2316 3193 ultra
2348 3147 2591 3202 sectionem

341 3212 600 3268 contingere
631 3214 822 3269 amplius
852 3219 1083 3269 nequeunt
1116 3214 1332 3270 (impediti
1365 3214 1531 3270 quippe
1552 3214 1608 3258 ab
1631 3227 1782 3258 earum
1804 3215 2117 3269 convexitate),
2151 3214 2412 3270 contingant
2443 3213 2591 3258 adhuc

342 3284 497 3335 partes
529 3278 631 3323 illas
664 3292 745 3322 seu
777 3279 936 3324 dentes
967 3280 1161 3336 lucidos,
1204 3286 1418 3337 tanquam
1449 3293 1476 3324 a
1506 3286 1659 3324 centro
1697 3279 1819 3334 globi
1848 3280 2004 3324 Lunae
2046 3279 2331 3336 elevationes,
2371 3292 2455 3324 nec
2486 3291 2591 3322 con-

306 3359 310 3363 ·
341 3344 538 3389 vexitate
570 3358 653 3389 sua
678 3345 772 3400 jam
803 3345 1004 3390 abnuant
1035 3359 1063 3390 a
1093 3345 1196 3390 Sole
1229 3347 1314 3401 (sic
1347 3346 1464 3390 enim
1495 3346 1636 3390 sectio
1669 3345 1802 3389 etiam
1831 3358 1914 3401 per
1942 3346 2043 3390 illos
2072 3353 2196 3392 recto
2235 3345 2414 3390 tramite
2443 3350 2589 3390 trans·

343 3410 473 3466 iret),
507 3410 585 3455 sed
616 3417 666 3455 ut
697 3425 850 3456 eorum
881 3425 1181 3469 procursuum
1213 3410 1403 3486 altitudo
1434 3416 1655 3467 augeatur
1685 3423 1842 3455 versus
1884 3413 2114 3458 semissem
2144 3414 2302 3458 Lunae
2331 3409 2590 3456 umbrosum

345 3476 686 3531 progrediendo.

518 3543 599 3586 111.
632 3543 922 3600 Apparentia.
975 3544 1117 3588 Linea
1149 3543 1375 3598 sectionis,
1407 3556 1488 3599 per
1518 3548 1670 3599 partes
1702 3541 1876 3589 lucidas
1907 3543 2129 3603 traducta,
2160 3544 2433 3601 asperatur
2419 3558 2467 3589 m
2488 3556 2590 3601 spe-

347 3605 459 3651 ciem
489 3621 638 3653 serrae
671 3615 748 3653 aut
778 3611 1004 3654 fracturae
1036 3610 1202 3653 asseris
1232 3615 1532 3654 transversae.

2601 3194 2652 3611 l

518 3674 593 3718 IV.
625 3675 747 3729 Ergo
781 3687 870 3728 qua
900 3682 1028 3730 parte
1060 3676 1192 3719 Luna
1223 3682 1292 3720 est
1321 3688 1434 3731 pure
1464 3674 1626 3729 lucida,
1658 3674 1906 3729 particulae
1945 3677 2124 3733 aliquae
2155 3692 2312 3724 versus
2344 3679 2588 3724 sectionem
2621 3703 2623 3705 ·

350 3743 592 3791 assurgunt
623 3738 666 3781 in
700 3739 852 3796 altum,
884 3742 1117 3796 proximae
1149 3755 1306 3788 versus
1338 3742 1525 3786 eandem
1556 3741 1797 3785 sectionem
1831 3750 1935 3786 sunt
1964 3744 2172 3799 declives,
2203 3745 2403 3790 alternis.
2462 3746 2588 3792 Haec
2644 3753 2652 3791 ι’

348 3815 452 3846 vero
496 3801 693 3846 definitio
733 3809 804 3848 est
844 3806 1113 3860 asperitatis.
1173 3809 1331 3853 Partes
1370 3807 1503 3863 igitur
1538 3806 1586 3850 in
1625 3806 1862 3862 superficie
1899 3810 2076 3868 Lunae,
2122 3824 2239 3867 quae
2276 3810 2431 3856 lucent
2470 3821 2587 3868 puro
2647 3811 2652 3850 '2

348 3867 529 3924 lumine,
561 3880 664 3913 vere
694 3875 800 3914 sunt
831 3882 1037 3927 asperae.
