2652 4088
977 1085 1363 1169 JOANMS
1417 1086 1868 1169 KEPPLERI

287 1234 290 1239 ’
368 1279 520 1395 [N
597 1274 1255 1422 SOMNIUM
1329 1279 2456 1400 ASTRONOMICUM

528 1497 732 1571 Notae,
780 1501 1109 1559 successive
1157 1500 1410 1575 scriptae
1455 1500 1607 1560 inter
1653 1515 1832 1559 annos
1886 1493 2064 1559 1620.
2122 1494 2301 1557 1630.

462 1767 507 1813 1.
542 1766 689 1812 Sonus
719 1767 818 1825 ipse
847 1768 971 1814 vocis
1000 1769 1109 1814 mihi
1141 1770 1336 1816 occurrit
1366 1781 1423 1814 ex
1443 1768 1755 1815 recordatione
1774 1768 2003 1813 nominum
2033 1768 2318 1826 propriorum
2348 1768 2552 1815 similiter

291 1831 550 1878 sonantium
578 1832 798 1878 historiae
830 1834 1049 1892 Scoticae,
1082 1849 1199 1892 quae
1229 1836 1353 1893 regio
1383 1840 1648 1893 prospectat
1677 1847 1894 1880 oceanum
1922 1833 2213 1881 Islandicum.

464 1898 506 1943 2.
539 1898 715 1954 Lingua
745 1906 902 1945 nostra
932 1901 1163 1945 teutonica
1195 1907 1327 1947 sonat
1356 1907 1522 1946 terram
1553 1900 1800 1956 glacialem.
1860 1900 1914 1944 In
1944 1900 2032 1946 hac
2061 1913 2167 1945 vero
2198 1905 2372 1945 remota
2400 1900 2550 1945 insula

290 1967 440 2012 locum
471 1976 554 2020 ego
584 1963 694 2007 mihi
725 1964 900 2021 dispexi
932 1965 1181 2010 dormiendi
1212 1971 1258 2011 et
1288 1966 1552 2019 somniandi,
1586 1971 1637 2011 ut
1665 1966 1864 2010 imitarer
1884 1966 2182 2022 philosophos
2211 1966 2258 2010 in
2279 1966 2368 2010 hoc
2386 1979 2552 2024 genere

292 2028 567 2087 scriptioni-s.
628 2030 744 2075 Nam
786 2037 832 2075 et
866 2033 1020 2077 Cicero
1059 2033 1238 2088 trajecit
1279 2033 1326 2078 in
1354 2032 1555 2078 Africam
1586 2032 1912 2088 somniaturus,
1954 2036 1999 2076 et
2028 2031 2159 2076 Plato
2190 2030 2464 2077 Atlanticam
2504 2032 2551 2077 in

291 2094 448 2141 eodem
481 2108 648 2140 oceano
681 2097 903 2154 Hesperio
934 2098 1179 2144 fabricatus
1212 2103 1302 2156 est,
1335 2098 1453 2144 unde
1482 2097 1690 2143 fabulosa
1719 2097 1874 2142 virtuti
1903 2097 2087 2158 militari
2117 2095 2319 2142 subsidia
2349 2110 2550 2143 accerse·

291 2167 376 2215 ret,
408 2167 454 2207 et
483 2160 755 2208 Plutarchus
788 2163 983 2220 denique
1012 2163 1165 2208 libello
1199 2165 1254 2209 de
1285 2163 1399 2210 facie
1429 2165 1588 2209 Lunae
1618 2169 1724 2221 post
1752 2163 1943 2208 multum
1974 2175 2226 2207 sermonem
2256 2162 2301 2207 in
2333 2176 2552 2209 oceanum

287 2228 606 2275 Americanum
637 2231 918 2286 exspatiatur
950 2229 1253 2286 describitque
1283 2231 1414 2277 nobis
1446 2230 1581 2276 situm
1623 2228 1759 2274 talem
1790 2228 2063 2286 insularum,
2105 2242 2237 2285 quem
2267 2228 2552 2287 geographus

290 2294 452 2350 aliquis
493 2294 735 2340 modernus
775 2295 999 2340 Azoribus
1041 2300 1086 2340 et
1126 2294 1431 2340 Gronlandiae
1474 2300 1520 2340 et
1554 2301 1702 2340 terrae
1732 2293 2048 2350 Laboratoris,
2086 2294 2348 2351 regionibus
2387 2293 2556 2338 circum

289 2359 536 2406 Islandiam
567 2359 688 2416 sitis,
720 2359 1018 2418 probabiliter
1049 2360 1354 2418 applicaverit.
1416 2359 1559 2416 Quem
1598 2359 1777 2417 quidem
1807 2359 2042 2404 Plutarchi
2076 2358 2238 2403 librum
2271 2358 2448 2416 quoties
2479 2371 2553 2423 re-
2584 2394 2589 2407 .

289 2426 414 2482 lego,
455 2425 591 2472 toties
621 2425 824 2483 impense
856 2427 979 2472 soleo
1018 2426 1193 2482 mirari,
1233 2439 1323 2481 quo
1364 2438 1473 2471 casu
1503 2425 1687 2477 factum„
1703 2425 1784 2481 sit,
1826 2430 1879 2470 ut
1908 2434 2064 2469 nostra
2106 2425 2236 2469 nobis
2268 2425 2442 2470 somnia
2473 2438 2554 2471 sen

291 2491 473 2538 fabulae
502 2496 596 2535 tam
624 2497 836 2536 accurate
867 2497 1179 2547 congruerent.
1238 2491 1357 2535 Nam
1389 2502 1474 2547 ego
1513 2489 1695 2546 quidem
1726 2496 1798 2535 sat
1839 2489 1930 2534 fida
1968 2491 2183 2535 memoria
2219 2495 2375 2548 repeto
2420 2503 2552 2537 occa-

294 2559 443 2605 siones
476 2556 754 2612 singularum
786 2559 1025 2603 commenti
1065 2559 1153 2603 mei
1189 2557 1404 2614 partium,
1444 2555 1567 2613 quod
1605 2569 1686 2600 eae
1723 2556 1833 2600 mihi
1872 2568 1962 2600 non
2002 2569 2156 2600 omnes
2197 2556 2287 2601 sint
2330 2562 2464 2603 natae
2494 2570 2551 2602 ex

291 2625 486 2671 lectione
516 2623 653 2679 hujus
684 2623 802 2668 libri.
861 2625 1029 2670 Exstat
1058 2624 1179 2681 apud
1209 2637 1280 2668 me
1312 2623 1469 2668 charta
1499 2628 1725 2679 pervetuS,
1756 2628 1835 2667 tua
1866 2622 2111 2667 clarissime
2141 2623 2200 2670 D.
2224 2623 2550 2681 Christophore

294 2690 487 2736 Besolde
517 2703 653 2734 manu
685 2696 888 2744 exarata3
933 2704 1034 2735 cum
1065 2690 1217 2735 theses
1249 2690 1427 2735 circiter
1456 2688 1612 2744 viginti
1644 2688 1699 2732 de
1731 2689 2004 2735 coelestibus
2037 2689 2312 2745 apparentiis
2344 2689 2389 2733 in
2420 2690 2552 2734 Luna

294 2771 352 2803 ex
381 2757 492 2801 meis
525 2755 917 2800 dissertationibus
948 2768 1065 2799 anno
1101 2755 1211 2800 1593
1243 2752 1529 2809 concepisses
1561 2766 1728 2809 easque
1758 2754 1815 2797 D.
1851 2753 1951 2798 Vito
1983 2753 2176 2809 Millero,
2209 2759 2317 2799 tunc
2349 2755 2551 2812 disputa·

293 2824 467 2868 tionum
495 2819 914 2877 philosophicarum
944 2819 1168 2864 ordinario
1200 2819 1411 2876 praesidi,
1446 2818 1761 2875 disputaturus
1794 2819 1848 2864 de
1879 2819 1954 2871 iis,
1987 2818 2025 2862 si
2055 2819 2153 2875 ipse
2183 2821 2440 2877 annuisset,
2474 2833 2551 2866 ex·

294 2887 535 2933 hibuisses,
598 2886 697 2941 Quo
738 2885 919 2943 quidem
961 2891 1164 2941 tempore
1204 2883 1438 2929 Plutarchi
1477 2897 1615 2940 opera
1652 2883 1761 2927 mihi
1802 2882 1999 2929 nondum
2045 2883 2139 2927 visa
2184 2890 2324 2929 erant.
2384 2885 2552 2930 Postea

293 2951 430 2998 incidi
459 2952 506 2996 in
534 2953 727 2998 Luciani
755 2952 895 2997 libros
929 2951 1040 2996 duos
1070 2950 1285 2995 historiae
1315 2962 1471 3004 verae,
1511 2961 1671 3004 graece
1710 2948 1924 3006 scriptos,
1965 2961 2081 3005 quos
2111 2961 2193 3005 ego
2232 2949 2412 2996 libellos
2443 2949 2552 2994 mihi

297 3019 458 3076 delegi,
490 3025 542 3064 ut
569 3019 768 3075 linguam
798 3017 1097 3071 addiscerem,
1132 3015 1315 3071 adjutus
1340 3013 1628 3071 jucunditate
1659 3013 1983 3059 audacissimae
2013 3013 2211 3071 fabulae,
2256 3029 2372 3071 quae
2400 3022 2551 3062 tamen

298 3084 467 3141 aliquid
499 3085 554 3130 de
585 3085 726 3130 totius
757 3083 956 3129 universi
986 3087 1148 3126 natura
1177 3080 1406 3136 innuebat,
1437 3085 1488 3124 ut
1520 3080 1701 3136 quidem
1730 3080 1828 3136 ipse
1849 3079 2077 3124 Lucianus
2107 3085 2260 3126 monet
2279 3081 2324 3125 in
2346 3083 2550 3128 exordio.

296 3154 447 3207 Atque
488 3150 623 3195 etiam
652 3150 728 3195 ille
769 3151 888 3196 ultra
920 3148 1149 3194 columnas
1180 3146 1386 3191 Herculis
1426 3146 1473 3190 in
1505 3159 1721 3190 oceanum
1762 3145 1969 3200 enavigat
2008 3146 2274 3203 rapiturque
2313 3153 2549 3192 ventorum

295 3216 552 3262 turbinibus
584 3230 685 3261 cum
714 3216 815 3274 ipsa
844 3218 947 3261 navi
978 3216 1177 3261 sublimis
1210 3221 1256 3260 et
1275 3216 1435 3260 Lunae
1464 3214 1704 3260 invehitur.
1745 3214 1871 3258 Haec
1901 3213 2010 3257 mihi
2039 3214 2183 3271 prima
2213 3215 2338 3260 fuere
2360 3215 2550 3270 vestigia

296 3284 467 3329 itineris
499 3284 545 3327 in
575 3283 752 3327 Lunam
781 3283 1108 3340 posterioribus
1140 3280 1420 3336 temporibus
1452 3279 1664 3323 affectati.
1717 3278 1889 3324 Graetii
1919 3278 2110 3334 primum
2142 3293 2260 3325 anno
2289 3283 2413 3327 1595.
2444 3280 2549 3324 Plu·

297 3350 443 3394 tarchi
472 3347 677 3394 libellum
716 3361 815 3394 sum
851 3353 1032 3404 nactus,
1073 3347 1330 3391 admonitus
1371 3345 1427 3390 de
1457 3358 1510 3390 eo
1543 3357 1600 3389 ex
1634 3343 1826 3390 lectione
1858 3344 2175 3390 Commentarii
2203 3346 2380 3391 Erasmi
2410 3345 2548 3390 Rein-

297 3414 424 3459 holdi
453 3415 499 3458 in
530 3414 748 3459 Theorias
769 3415 1024 3468 Purbachii‚
1057 3426 1203 3470 exque
1235 3425 1287 3456 eo
1309 3412 1483 3469 Pragae
1514 3425 1631 3456 anno
1654 3412 1768 3457 1604
1797 3411 1939 3455 multa
1968 3411 2015 3455 in
2037 3412 2350 3458 Astronomiae
2369 3413 2549 3457 Partem
2636 3454 2640 3464 ,

302 3479 509 3536 Opticam
541 3479 771 3525 transtuli.
831 3481 935 3525 Non
967 3481 1070 3526 dedi
1099 3486 1250 3524 tamen
1280 3479 1368 3523 hoc
1397 3478 1555 3523 insulis
1587 3492 1614 3523 a
1642 3478 1885 3523 Plutarcho
1927 3478 2167 3523 nominatis
2198 3492 2256 3523 ex
2286 3493 2454 3525 oceano
2484 3480 2548 3524 Is-

298 3544 490 3598 landico‚
523 3545 642 3600 quod
670 3545 914 3590 Islandiam
944 3545 1002 3590 ad
1032 3543 1304 3602 hypothesin
1333 3544 1421 3588 mei
1453 3544 1614 3588 somnii
1645 3543 1779 3601 elegi,
1824 3542 1903 3587 sed
1946 3549 2041 3587 erat
2071 3544 2185 3588 haec
2224 3545 2343 3589 inter
2371 3557 2546 3601 causae,

303 3611 425 3667 quod
453 3611 500 3656 id
529 3611 742 3668 temporis
774 3611 946 3667 Pragae
967 3610 1138 3654 venalis
1170 3613 1292 3654 esset
1322 3608 1499 3653 libellus
1518 3609 1707 3654 Luciani
1730 3609 1787 3652 de
1811 3608 2098 3664 navigatione
2118 3609 2163 3652 in
2183 3609 2373 3665 Lunam,
2402 3615 2546 3655 trans-

301 3676 421 3721 latus
452 3676 500 3720 in
527 3676 724 3731 linguam
754 3678 1027 3722 teutonicam
1058 3689 1085 3720 a
1113 3675 1403 3733 Rollenhagii
1429 3675 1548 3731 filio,
1581 3676 1754 3731 junctis
1786 3675 2118 3720 narrationibus
2169 3675 2211 3720 S.
2242 3676 2471 3721 Brandani
2501 3680 2548 3720 et

305 3741 359 3787 de
389 3742 651 3799 purgatorio
681 3743 936 3787 Patriciano
966 3743 1013 3786 in
1044 3741 1348 3787 subterraneis
1379 3740 1590 3785 Islandici
1620 3742 1782 3786 montis
1812 3740 1983 3786 Heclae
2011 3740 2242 3798 ignivomi,
2279 3754 2379 3785 cum
2412 3739 2546 3784 etiam

303 3807 577 3867 Plutarchus
609 3820 664 3852 ex
695 3809 917 3854 sententia
947 3807 1202 3866 theologiae
1231 3807 1465 3865 gentilium
1483 3806 1791 3866 purgatorium
1818 3807 2067 3853 animarum
2097 3811 2318 3853 statueret
2335 3806 2382 3852 in
2402 3805 2544 3864 Luna,
2632 3870 2636 3875 .
