2652 4088
1023 67 1106 162 111.
1135 113 1465 161 Α6110110111163.
2257 117 2374 175 279.

119 269 391 334 appelletur
428 266 532 317 Cal.
570 265 721 329 Julii,
751 273 850 329 quo
889 263 967 314 die
1003 279 1174 315 verum
1213 270 1317 315 erat
1353 265 1642 328 solstitium,
1696 269 1875 316 octava
1912 280 2028 316 vero
2066 263 2214 328 Julii,
2266 280 2364 328 quo

118 344 197 393 die
247 346 502 405 computus
541 338 834 393 Chaldaicus
872 339 1144 389 annotabat
1193 339 1472 391 solstitium.
1550 340 1615 387 At
1665 338 1803 388 initio
1858 337 2205 403 olympiadum
2253 338 2365 388 illos

115 417 343 476 scivisse,
397 413 562 463 Solem
617 414 664 463 1.
701 411 825 462 Julii
873 414 924 460 in
963 411 1204 461 Cancrum
1254 412 1443 475 ingredi
1481 417 1530 462 et
1567 412 1661 461 hoc
1697 414 1769 462 sic
1807 414 2116 473 enunciasse,
2157 422 2365 476 negasse

115 503 247 549 vero,
287 488 336 535 id
374 487 638 536 solstitium
676 500 796 547 esse,
835 484 887 534 id
921 499 1152 549 pernegO.
1218 484 1482 538 Confundit
1518 500 1570 534 se
1607 488 1767 548 ipsum
1806 484 2025 548 Scaliger
2062 486 2112 532 in
2151 500 2365 549 sequen-

114 563 261 624 tibuS,
300 561 385 610 ubi
421 559 579 620 refert,
621 557 914 623 Olympiade
953 558 1146 608 demum
1178 564 1259 607 70.
1288 558 1442 607 dividi
1472 564 1699 622 coeptum
1737 558 1993 607 zodiacum
2030 559 2081 606 in
2108 560 2250 622 signa
2279 563 2362 608 12.

115 638 243 685 Ecce
293 633 445 683 verba
491 633 597 695 ejus
642 631 726 681 fol.
769 637 860 681 16:
902 635 1051 692 Quum
1083 634 1201 678 enim
1231 647 1319 691 quo
1350 634 1599 691 praecisior
1629 639 1674 678 et
1706 634 1913 680 subtilior
1942 634 2082 680 sectio
2105 635 2278 694 circuli,
2311 649 2364 682 eo

114 704 291 759 certior,
323 701 599 759 exploratior
628 714 681 746 36
709 703 850 747 tutior
881 701 940 746 sit
969 701 1112 747 omnis
1143 701 1192 745 in
1222 713 1274 744 eo
1307 700 1575 754 observatio,
1605 700 1693 746 hoc
1723 705 1846 758 certe
1874 699 2137 758 promittere
2165 700 2366 746 nondum

114 777 296 828 poterat
338 767 582 823 astrologia
619 767 707 811 illis
750 766 939 823 seculis,
983 780 1084 811 cum
1122 765 1318 811 circulus
1358 766 1507 812 adhuc
1537 765 1758 811 maximus
1789 766 1836 810 in
1868 766 2062 823 sphaera
2089 766 2288 812 nondum
2317 767 2366 812 in

115 838 204 883 360
232 840 409 894 partes,
446 838 602 890 partes
644 838 794 878 autem
823 834 869 876 in
900 845 1125 889 sexagena
1153 833 1319 890 prima,
1363 832 1583 889 secunda,
1620 833 1755 878 tertia
1793 832 2007 889 scrupula
2037 836 2188 877 sectae
2219 836 2363 879 erant.

114 903 213 959 Quo
244 901 406 956 fiebat,
434 904 487 944 ut
517 899 661 944 omnis
693 900 1058 945 observationum
1086 900 1258 945 incerta
1288 903 1410 944 esset
1437 899 1567 944 ratio.

281 969 451 1033 Pergit
485 967 567 1016 fol.
600 971 689 1017 12:
725 970 870 1015 Aliter
905 972 1005 1027 quis
1045 970 1273 1016 docuisset
1305 984 1396 1028 eos,
1431 984 1548 1016 anno
1589 971 1734 1028 primo
1764 970 1934 1027 primae
1965 969 2243 1028 Olympiadis
2275 970 2363 1019 sol-

16 1083 19 1103 .
111 1047 284 1094 stitium
313 1043 455 1089 fuisse
490 1043 581 1088 Cal.
613 1043 776 1089 Juliis‘?
833 1041 957 1088 Mihi
995 1056 1113 1090 sane
1154 1040 1415 1090 verisimile
1455 1045 1543 1102 est,
1582 1040 1694 1089 illos
1734 1040 1938 1088 scivisse
1979 1039 2107 1088 diem
2145 1039 2365 1103 solstitii3

18 1155 20 1165 .
109 1123 160 1166 at
199 1114 444 1179 quomodo
483 1114 658 1176 probat
696 1113 913 1177 Scaliger
951 1113 1062 1162 illos
1101 1114 1194 1163 hoc
1231 1112 1473 1163 scivisse?
1528 1113 1654 1162 Nam
1692 1112 1818 1161 hanc
1855 1112 1998 1160 nobis
2038 1111 2366 1175 conjecturam

18 1227 20 1230 ψ
109 1189 328 1252 Scaliger
364 1186 686 1248 commendat,
728 1187 839 1235 illos
879 1187 1167 1236 observasse
1207 1186 1453 1249 quoddam
1477 1186 1742 1235 solstitium
1770 1183 2105 1246 Chaldaicum,
2145 1199 2205 1234 ex
2230 1200 2366 1235 com-

19 1309 23 1326 ,
112 1269 232 1327 puto
273 1276 332 1310 ex
374 1265 512 1309 1000
553 1262 692 1308 annis
731 1259 1006 1321 deductum,
1049 1261 1132 1322 qui
1170 1261 1434 1309 solstitium
1470 1260 1686 1322 ponebat
1724 1263 1753 1307 8
1797 1258 1902 1308 dies
1939 1260 2111 1308 serius,
2188 1257 2239 1307 Si
2267 1258 2366 1308 tale

59 1383 61 1385 .
112 1337 185 1385 illi
225 1334 485 1383 solstitium
525 1334 847 1383 observarunt
883 1334 932 1380 in
971 1334 1367 1382 constitutionem
1405 1335 1544 1394 anni,
1593 1335 1635 1381 si
1672 1331 1978 1381 novilunium
2018 1330 2114 1380 diei
2154 1335 2204 1381 8.
2242 1330 2366 1380 Julii

112 1411 175 1459 ob
213 1407 409 1456 solstitii
446 1406 578 1456 illius
615 1407 1028 1470 propinquitatem
1069 1407 1346 1469 elegerunt,
1389 1407 1498 1469 quis
1530 1407 1634 1470 jam
1661 1404 1840 1466 credat,
1880 1404 1993 1455 illos
2031 1405 2235 1454 scivisse
2273 1420 2364 1454 ve-

108 1498 214 1532 rum
254 1481 519 1530 solstitium
558 1485 587 1529 8
618 1479 791 1529 diebus
830 1479 1083 1528 anterius?
1134 1479 1273 1529 Haec
1310 1481 1458 1542 igitur
1495 1481 1621 1529 inter
1658 1493 1710 1527 se
1749 1483 1863 1527 sunt
1887 1479 2174 1542 pugnantia.
2238 1477 2366 1526 Tum

23 1567 25 1591 ³
110 1562 296 1616 autem,
338 1555 447 1617 quis
489 1556 586 1602 ista
634 1553 944 1602 conciliabit:
1002 1554 1250 1602 sciverunt
1288 1551 1484 1617 Olymp.
1523 1553 1565 1606 Ι.
1604 1552 1771 1602 Solcm
1808 1553 1858 1599 in
1899 1551 2139 1601 Cancrum
2177 1549 2367 1615 ingredi

112 1629 215 1679 Cal.
241 1627 381 1689 Julii,
421 1629 668 1676 sciverunt
704 1626 969 1675 solstitium
1007 1626 1156 1676 fuisse
1196 1626 1299 1675 Cal.
1339 1626 1506 1676 Julii?
1545 1641 1643 1675 non
1680 1631 1846 1675 tamen
1884 1630 2118 1674 vocatum
2158 1630 2232 1675 est
2269 1626 2366 1674 ini-

25 1766 27 1770 4
108 1705 229 1752 1111111
267 1701 441 1750 Cancri
478 1700 755 1761 solstitium,
795 1715 910 1748 nam
949 1701 1301 1763 existimarunt,
1341 1700 1607 1749 solstitium
1646 1699 1818 1749 confici
1859 1703 1906 1748 8.
1949 1698 2042 1749 die.

279 1774 448 1837 Pergit
483 1773 568 1825 fol.
601 1779 687 1823 13:
744 1776 861 1822 Nam
899 1775 1020 1831 quod
1059 1774 1160 1822 eam
1209 1776 1430 1834 epocham
1468 1776 1674 1822 amittere
1714 1789 1806 1821 non
1844 1774 2097 1833 potuerint,
2139 1773 2188 1819 in
2229 1787 2368 1821 causa

107 1845 193 1891 fuit
222 1857 332 1889 usus
362 1843 468 1889 anni
498 1843 672 1899 solaris,
703 1854 838 1899 quem
867 1855 1047 1899 semper
1078 1843 1381 1898 obtinuerunt,
1414 1857 1551 1900 quum
1582 1842 1772 1889 totidem
1793 1842 1954 1888 diebus
1976 1845 2220 1899 constaret,
2254 1846 2366 1898 quot

109 1912 255 1957 forma
273 1910 303 1954 J
306 1909 458 1954 uliana
484 1910 639 1966 habet,
670 1914 717 1952 et
746 1912 908 1965 quarto
941 1922 1057 1954 anno
1089 1915 1251 1955 exacto
1273 1909 1515 1955 Elidenses
1548 1909 1729 1967 quidem
1758 1909 1877 1953 inter
1896 1909 1938 1954 8.
1961 1908 2067 1953 619.
2092 1907 2204 1952 Julii
2224 1921 2364 1952 unum

28 2009 30 2012 >
113 1975 233 2020 diem
261 1974 608 2029 intercalarent,
640 1973 944 2019 Athenienses
975 1980 1129 2020 autem
1159 1975 1277 2021 inter
1307 1978 1348 2024 7.
1385 1980 1430 2020 et
1460 1976 1503 2022 8.
1534 1975 1752 2022 Januarii.
1801 1971 1927 2020 Mihi
1962 1975 2075 2020 sunt
2100 1972 2196 2020 ista
2221 1970 2366 2020 valde

28 2083 31 2107 ς
112 2043 424 2104 verisimilia,
463 2045 514 2091 in
551 2048 779 2106 computo
821 2043 1094 2093 adhibitum
1132 2059 1312 2093 annum
1349 2044 1583 2106 solarem,
1627 2045 1776 2095 velim
1814 2050 1978 2094 tamen
2019 2043 2185 2094 videre
2222 2044 2366 2093 testi-

29 2136 32 2182 3
110 2120 276 2167 monia
324 2118 628 2180 antiquitatis
679 2116 811 2166 clara
860 2123 908 2166 61
947 2132 1201 2180 expressa,
1256 2119 1404 2168 etiam
1440 2119 1491 2166 in
1529 2132 1621 2167 usu
1671 2118 1872 2182 politico
1913 2117 2163 2167 habuisse.
2238 2117 2365 2167 Nam

112 2191 405 2241 Censorinus
444 2195 548 2240 200
588 2191 727 2238 annis
754 2205 802 2252 p.
834 2189 921 2239 Ch.
961 2193 1097 2252 vixit,
1135 2205 1226 2240 nec
1263 2198 1453 2241 tantum
1492 2190 1628 2240 dixit.
1689 2193 1767 2241 De
1795 2190 2105 2241 Elidensibus
2133 2197 2182 2241 et
2205 2188 2367 2240 Athe-

32 2302 34 2311 .
110 2265 361 2314 niensibus
399 2268 624 2313 auctores
661 2277 778 2311 suos
815 2265 1062 2327 posuisset
1087 2263 1320 2328 Scaliger,
1361 2280 1421 2314 ne
1461 2264 1706 2315 videretur
1743 2265 1866 2315 haec
1904 2278 1963 2313 ex
2001 2264 2167 2314 formis
2207 2277 2366 2313 anno-

112 2353 216 2387 rum
254 2351 452 2386 suorum
491 2336 831 2400 depromsisse.
908 2337 1078 2387 Posito
1118 2352 1260 2400 vero,
1300 2338 1719 2388 intercalationem
1757 2340 1806 2386 in
1846 2337 1986 2388 Elide
2023 2334 2203 2387 factam
2240 2340 2366 2387 inter

32 2409 38 2478 ζ
115 2413 162 2461 8.
203 2415 251 2461 61
290 2416 336 2470 9,
376 2412 536 2474 potuit
575 2410 675 2458 alia
714 2409 773 2459 de
821 2425 972 2477 causa
1018 2410 1148 2473 fieri,
1207 2426 1355 2474 quam
1403 2412 1632 2475 opinione
1683 2412 1882 2461 solstitii
1930 2413 1980 2459 in
2021 2415 2069 2460 8.
2108 2409 2258 2474 Julii,
2310 2416 2366 2459 ut

112 2499 263 2549 penes
300 2498 390 2533 nos
430 2489 515 2533 24.
555 2483 820 2532 Februario
860 2488 908 2532 et
945 2486 994 2531 in
1036 2483 1337 2547 Gregoriano
1378 2487 1585 2535 exemtio
1629 2490 1693 2534 10
1734 2484 1921 2534 dierum
1960 2482 2179 2536 Octobri.
2238 2484 2363 2534 -Imo

113 2559 285 2623 probet
324 2557 543 2620 Scaliger
580 2571 724 2605 usum
761 2555 1015 2619 politicum
1065 2560 1178 2607 anni
1228 2558 1403 2608 solaris
1441 2558 1648 2609 Athenis
1688 2564 1736 2609 et
1780 2560 1830 2606 in
1870 2555 2035 2620 Elide,
2089 2563 2137 2607 et
2183 2557 2364 2622 largiar

36 2674 39 2694 Α
107 2634 288 2681 sactum
325 2632 486 2695 ipsum
523 2629 920 2680 intercalationis.
984 2631 1110 2680 Nam
1150 2632 1250 2680 alia
1276 2634 1420 2682 etiam
1457 2634 1582 2681 ratio
1621 2631 1941 2683 intercalandi
1978 2633 2027 2679 in
2064 2631 2222 2681 forma
2248 2633 2364 2682 anni

37 2698 41 2723 ²
126 2706 260 2755 ·ttici
295 2705 494 2766 vetusti,
536 2718 680 2766 quem
717 2705 934 2753 imitatus
962 2711 1035 2754 est
1064 2705 1240 2767 Numa,
1283 2705 1551 2770 probabilis
1592 2711 1666 2755 est
1703 2707 1832 2755 circa
1869 2706 2232 2768 aequinoctium
2270 2720 2362 2754 au-

37 2770 67 2849 *0
93 2772 323 2833 “ἕ··1111ι316
368 2779 417 2825 111
454 2778 700 2842 mysteriis
746 2778 1036 2840 majoribus,
1092 2793 1199 2828 cum
1239 2794 1308 2829 sc.
1347 2781 1461 2829 anni
1511 2785 1624 2829 sunt
1661 2779 1860 2828 alternis
1912 2782 2032 2840 354,
2075 2783 2196 2840 376,
2240 2782 2360 2841 354,

40 2890 42 2901 s
124 2843 242 2918 ’[6,
283 2858 333 2902 61
370 2856 543 2914 quarto
583 2864 711 2900 anno
750 2853 1039 2914 praeteritur
1077 2867 1202 2902 unus
1241 2853 1345 2903 dies
1384 2852 1501 2919 {sine
1538 2847 1865 2922 numero'jper
1904 2851 2359 2915 dissimulationem,

110 2925 189 2977 ;*·.·..
224 2939 252 2975 o
290 2926 646 2989 mysteriorum,
684 2923 1091 2987 Elaphebolionis
1130 2928 1381 2977 vicesima.

278 2998 471 3061 Pergit:
510 3000 642 3046 Hanc
673 3000 760 3046 diei
790 3000 1180 3048 intercalationem
1209 3003 1512 3049 Athenienses
1534 3001 1847 3061 olympiadum
1878 3001 2092 3059 mysteria
2122 2999 2360 3047 vocabant.

46 3039 49 3133 ἱ
111 3068 259 3114 Primo
298 3067 418 3113 em‘m
448 3079 567 3113 311110
597 3069 638 3114 1.
672 3066 739 3112 Ol.
769 3072 820 3114 ut
851 3067 1095 3114 solstitium
1125 3081 1350 3126 apparens
1380 3069 1466 3114 fuit
1495 3068 1543 3113 in
1575 3067 1667 3114 Cal.
1701 3068 1813 3114 Julii
1843 3072 1888 3112 et
1917 3067 2190 3113 novilunium
2222 3066 2359 3125 olym-

47 3141 49 3198 }
109 3133 259 3192 picum
288 3133 334 3178 in
364 3132 405 3179 8.
440 3131 534 3188 die,
571 3132 637 3179 ita
665 3132 825 3177 bruma
855 3145 1079 3191 apparens
1120 3134 1208 3179 fuit
1236 3135 1282 3179 in
1314 3134 1775 3191 ultimakDecembris.
1842 3131 1948 3180 Nisi
1967 3129 2121 3191 fallor,
2143 3129 2363 3192 Scaliger

48 3254 49 3258 ,
111 3202 296 3267 aliquid
320 3201 589 3251 hariolatur
628 3216 687 3251 ex
713 3202 923 3264 epistola
950 3202 1196 3253 Ciceronis
1223 3203 1286 3253 ad
1315 3204 1546 3264 Atticum,
1587 3205 1878 3267 quaerentis,
1922 3217 2051 3271 „quo
2080 3202 2158 3251 die
2184 3200 2358 3267 Olym-

48 3268 50 3275 ’
110 3276 307 3342 piaclum
346 3271 650 3340 mysteria“?
723 3274 822 3324 Sed
858 3274 1126 3325 hariolatur
1178 3276 1324 3326 valde
1361 3276 1650 3339 liberaliter3
1707 3276 1971 3327 videndum
2008 3278 2173 3340 itaque
2213 3276 2359 3325 etiam

112 3356 260 3414 atque
298 3350 473 3409 etiam,
514 3358 568 3397 ut
606 3348 885 3411 conjectura
922 3348 1044 3398 haec
1081 3350 1301 3412 pluribus
1341 3349 1641 3399 documentis
1678 3349 1917 3410 firmetur,
1970 3362 2059 3399 nec
2098 3348 2357 3412 quicquam

51 3419 330 3622 ‘fflt
365 3435 668 3483 repugnans3
710 3423 991 3483 ceteroquin
1031 3422 1131 3471 illic
1170 3424 1352 3472 incerta
1388 3422 1701 3485 relinquctur,
1741 3423 1820 3472 hic
1857 3421 2001 3486 plane
2039 3421 2179 3472 falsa.

236 3495 242 3497 ’
312 3493 503 3544 bidom:
536 3497 664 3542 Haec
695 3495 862 3541 diserte
892 3509 919 3541 a
948 3498 1078 3543 nobis
1110 3498 1336 3556 explicata
1367 3503 1472 3542 sunt
1501 3498 1546 3542 in
1577 3498 1780 3543 doctrina
1812 3498 1919 3543 311111
1939 3496 2088 3542 Α11161.
2140 3497 2247 3544 Fuit
2277 3510 2355 3543 au-

68 3613 71 3615 ,
102 3605 110 3611 .
222 3599 226 3602 .
300 3563 458 3608 aedam
489 3574 573 3619 per
603 3561 840 3618 caliginem
870 3562 1163 3609 solstitiorum
1195 3562 1389 3620 cognitio
1410 3563 1570 3621 priscis
1602 3563 1705 3609 illis.
1782 3559 1906 3610 Vide
1961 3574 2189 3624 quorsum
2240 3575 2357 3626 pro-

12 3679 13 3688 ,
55 3655 57 3702 3
111 3640 257 3684 vocet
296 3639 344 3682 et
379 3630 544 3682 locum
580 3632 821 3680 examina.

14 3707 16 3710 ’
56 3721 57 3724 ’
287 3706 473 3769 Pergit:
515 3704 607 3757 Sed
634 3719 879 3765 progressu
910 3709 1126 3765 temporis
1158 3709 1341 3754 umbrae
1373 3714 1477 3755 ante
1510 3709 1768 3769 Ca1.;Juiias
1800 3711 2071 3758 sensibiliter
2100 3716 2351 3759 crescentes

45 3777 49 3831 j
113 3774 365 3833 prodebant
395 3773 554 3821 vitium
582 3773 747 3820 veteris
778 3774 979 3831 epochae
1010 3774 1356 3833 solstitialis,(ut
1386 3790 1501 3833 opus
1520 3776 1729 3824 habuerit
1749 3776 2019 3834 castigatore
2040 3777 2244 3837 Thalete,
2276 3779 2353 3837 qui

58 3843 61 3896 ἱ
113 3841 284 3900 primus
325 3839 523 3888 omnium
553 3837 827 3889 Graecorum
858 3839 1176 3899 deprehendit,
1215 3840 1409 3889 solstitia
1445 3848 1548 3890 antc
1581 3844 1674 3891 Cal.
1706 3844 1851 3895 ‚Iulias
1894 3845 2008 3896 fieri.
2070 3840 2350 3908 Argumen-
