2652 4088
985 161 1070 215 ΙΙΙ.
1099 167 1429 215 Astronomica.
2241 167 2348 225 271

95 321 293 380 captum
332 318 700 367 convenientius
738 317 949 378 confingi
988 318 1233 380 potuisse,
1288 332 1396 367 cum
1438 323 1600 368 tamen
1639 317 1723 368 alii
1761 322 1986 368 auctores
2036 322 2138 368 tam
2174 317 2350 368 absur-

93 390 205 439 dam
245 391 474 452 scribant,
514 397 570 440 ut
606 391 887 441 incredibile
928 390 1106 453 dicant,
1145 407 1176 440 a
1211 391 1424 441 Romulo
1464 393 1735 441 institutam
1774 406 1897 440 esse.

270 463 541 513 Veniamus
578 463 641 514 ad
679 465 1068 515 confusissimum
1106 470 1379 529 temporum
1417 467 1683 527 rationem,
1736 479 1767 514 a
1804 464 1965 514 Numa
2007 463 2349 528 introductam,

89 534 151 585 de
191 550 291 599 qua
329 535 563 587 Ovidius:

440 648 507 694 At
546 645 722 694 Numa
759 660 850 694 nec
887 646 1092 694 danum
1130 660 1221 695 nec
1259 649 1425 696 avitas
1463 648 1712 709 praeterit
1747 645 1974 707 umbrae,

581 717 836 768 Mensibus
872 722 1101 782 antiquis
1133 723 1532 783 praeposuitque
1569 721 1709 771 duos,

94 826 258 874 Numa
297 825 589 875 Januarium
628 827 829 889 addidit,
872 830 988 891 quia
1013 827 1144 877 Jano
1171 828 1280 878 Deo
1319 828 1509 890 Italico,
1549 828 1666 878 belli
1706 833 1752 878 et
1777 829 1913 892 pacis
1952 826 2148 888 arbitro,
2188 830 2348 890 temp-

93 899 197 947 lum
239 898 536 959 condiderat,
577 906 624 949 et
661 900 995 961 Februarium,
1039 916 1135 964 quo
1174 916 1338 951 mense
1379 902 1469 950 diis
1508 902 1731 950 manibus
1770 916 1909 950 sacra
1945 900 2141 961 fiebant,
2179 899 2350 949 februa

90 978 258 1020 autem
308 975 647 1035 purgationem
698 982 889 1022 sonant.
968 974 1095 1024 Vide
1137 973 1385 1025 Ovidium.
1462 974 1572 1024 Hoc
1608 974 1752 1023 modo
1803 975 2059 1038 pristinum
2095 987 2348 1021 numerum

98 1050 162 1094 12
204 1047 446 1095 mensium
484 1047 728 1095 resumsit.
804 1046 986 1096 Postea
1024 1050 1390 1111 superstitiosus
1430 1047 1600 1109 homo,
1644 1062 1810 1097 omnes
1848 1062 1990 1110 pares
2029 1060 2257 1095 numeros
2294 1051 2350 1094 ut

88 1118 329 1167 infaustos
370 1133 478 1168 cum
520 1118 730 1179 odisset,
782 1121 1031 1169 mensibus
1072 1122 1297 1170 omnibus
1334 1123 1544 1184 impares
1585 1121 1688 1170 dies
1740 1122 1985 1181 attribuit,
2033 1119 2127 1167 hoc
2174 1124 2345 1182 pacto:

89 1193 388 1255 permutavit
426 1194 558 1241 vices
595 1195 863 1254 mensium,
906 1200 1077 1242 auctos
1119 1194 1431 1243 diminuendo
1473 1202 1521 1243 et
1561 1194 1825 1243 diminutos
1874 1191 2120 1256 augendO,
2174 1194 2245 1241 sic
2291 1198 2348 1241 ut

92 1279 182 1328 pro
225 1270 292 1314 30
332 1272 534 1329 poneret
575 1270 658 1327 29,
697 1279 784 1329 pro
826 1270 891 1315 29
933 1281 1049 1315 vero
1091 1272 1184 1327 31,
1227 1274 1279 1315 ut
1318 1267 1398 1317 hic
1437 1268 1599 1316 vides:
1651 1267 1860 1316 Martius
1901 1271 1985 1316 29.
2029 1270 2121 1326 31,
2162 1264 2345 1328 Aprilis

93 1343 324 1398 30-29,
364 1337 530 1401 Majus
571 1343 801 1399 29-31,
841 1338 1022 1388 Junius
1063 1336 1292 1400 30—29‘,
1334 1340 1565 1403 Quintilis
1606 1345 1835 1401 29-31,
1875 1337 2073 1389 Sextilis
2115 1343 2347 1400 30-29,

93 1411 382 1475 September
421 1417 649 1472 30-29,
692 1410 905 1461 October
945 1418 1185 1475 29-31,
1225 1414 1505 1463 November
1544 1419 1782 1476 30-29,
1823 1413 2095 1463 December
2133 1417 2344 1461 29-29

89 1483 221 1551 (31),
260 1484 529 1534 Januarius
570 1491 811 1546 30-29,
851 1486 1149 1535 Februarius
1190 1492 1400 1537 30-28
1432 1484 1567 1554 (29);
1619 1503 1808 1536 summa
1849 1491 1981 1547 355,
2027 1488 2129 1536 355
2170 1487 2343 1548 (358).

88 1558 273 1608 Verum
313 1558 490 1607 accidit
527 1558 621 1607 hoc
657 1565 818 1622 pacto,
860 1565 913 1607 ut
940 1564 1042 1610 358
1083 1560 1186 1609 dies
1226 1560 1490 1624 colligeret.
1556 1559 1667 1610 Hoc
1706 1563 1775 1610 sic
1813 1559 2114 1610 emendavit:
2157 1559 2344 1621 ultim0,

86 1634 170 1694 qui
209 1635 274 1681 31
314 1633 513 1680 sortitus
552 1638 680 1694 erat,
719 1633 981 1682 Decembri
1018 1647 1084 1681 sc.
1129 1648 1244 1683 suos
1286 1639 1350 1683 29
1391 1636 1622 1695 restituit,
1666 1633 1875 1697 denique
1900 1633 2196 1695 Februario,
2237 1647 2348 1682 cum

89 1709 193 1755 355
233 1719 332 1754 non
367 1712 568 1768 possent
605 1707 655 1752 in
702 1711 762 1755 12
805 1705 959 1755 dividi
998 1706 1165 1769 aliter,
1219 1721 1364 1770 quam
1402 1722 1515 1771 pars
1554 1722 1652 1756 una
1692 1708 1933 1758 obtineret
1971 1721 2162 1770 parem,
2216 1705 2348 1769 quod

85 1779 127 1827 is
166 1780 317 1827 totius
356 1780 470 1827 anni
496 1785 771 1842 postremus
800 1786 943 1840 esset,
984 1779 1145 1830 adhuc
1171 1795 1321 1829 unum
1347 1781 1554 1842 ademit,
1598 1797 1658 1831 ex
1697 1795 1793 1843 quo
1833 1781 1969 1829 illum
2009 1793 2097 1843 pro
2137 1780 2349 1828 infausto

11 1847 31 1914 ’χ
85 1852 259 1900 habuit
298 1857 347 1901 et
386 1851 478 1900 diis
517 1853 743 1901 manibus
783 1855 1112 1915 consecravit,
1165 1869 1222 1903 eo
1272 1854 1404 1918 quod
1442 1869 1609 1917 parem
1647 1869 1901 1903 numerum
1950 1853 2136 1902 dierum
2175 1859 2347 1902 nactus

30 1926 31 1931 ’
88 1932 233 1977 esset.
309 1924 391 1973 Sic
428 1926 577 1988 igitur
617 1927 650 1973 4
688 1932 874 1975 restant
911 1928 1057 1989 aucti,
1100 1926 1283 1976 dierum
1326 1933 1389 1977 31
1433 1923 1688 1997 (MartiuS,
1726 1927 1917 1992 MajuS,
1960 1925 2206 1990 QuintiliS,
2247 1923 2348 1976 Oc-

13 2045 17 2056 ,
87 1998 263 2062 tober),
306 2013 431 2046 unus
470 1996 800 2066 (Februarius)
840 1998 1024 2049 dierum
1066 2004 1148 2062 28,
1190 2001 1366 2063 reliqui
1405 2001 1589 2050 dierum
1631 2007 1715 2051 29.

266 2070 504 2134 QuaeraS,
547 2071 663 2134 quid
702 2073 849 2135 igitur
887 2074 1048 2122 cursui
1086 2073 1244 2123 lunari
1283 2074 1465 2123 factum
1492 2076 1628 2123 sitin
1667 2078 1806 2123 tanta
1833 2073 2182 2136 inaequalitate
2207 2087 2347 2123 men-

86 2143 254 2194 sium?
315 2144 628 2208 RespondeO,
666 2145 821 2194 nihilo
860 2147 1021 2194 minus
1060 2163 1089 2196 a
1126 2146 1395 2210 plenilunio
1436 2147 1499 2197 ad
1539 2166 1697 2213 φασιν,
1738 2149 1845 2196 sive
1884 2149 2216 2209 vespertinum
2258 2162 2344 2196 ex-

87 2224 247 2267 ortum
287 2217 473 2279 Lunae,
514 2218 561 2266 h.
603 2233 644 2268 e.
685 2219 748 2268 ab
787 2219 957 2268 Idibus
997 2218 1059 2267 ad
1100 2219 1340 2270 Calendas
1385 2226 1447 2270 16
1490 2220 1592 2270 dies
1634 2219 1919 2270 intercidere
1958 2221 2006 2267 in
2045 2219 2345 2270 numerando

87 2292 301 2354 ubique,
350 2298 692 2354 praeterquam
732 2293 781 2339 in
820 2292 1113 2353 FebruariO,
1166 2294 1251 2343 ubi
1299 2299 1487 2343 tantum
1532 2298 1595 2344 15
1637 2294 1740 2343 dies
1779 2293 2141 2343 interciderunt.
2217 2293 2344 2342 Nam

87 2371 297 2428 quatuor
334 2365 430 2413 illis
472 2368 628 2414 auctis
667 2365 872 2428 singulis
917 2371 943 2415 6
984 2365 1153 2415 Nonas
1192 2368 1428 2429 attribuit,
1471 2382 1579 2417 cum
1620 2368 1769 2417 ceteri
1808 2372 1995 2415 tanturn
2038 2372 2068 2415 4
2108 2372 2340 2428 tenerent,

86 2437 215 2487 unde
253 2444 396 2487 vetus
435 2437 734 2487 versiculus:
779 2438 988 2502 „MaJ'us
1024 2454 1109 2489 sex
1144 2454 1324 2502 nonae,
1371 2440 1596 2502 October,
1637 2441 1816 2489 Julius
1853 2447 1899 2488 et
1927 2435 2118 2489 Mars.“
2183 2438 2344 2501 Quare

86 2518 200 2575 post
253 2525 420 2561 omnes
457 2510 574 2560 Idus
613 2510 784 2560 XVII.
826 2511 930 2561 Cal.
974 2512 1246 2575 dicebatur,
1298 2520 1640 2577 praeterquam
1687 2514 2007 2575 FebruariaS,
2056 2518 2168 2576 post
2219 2527 2342 2575 quas

88 2583 234 2633 XVI.
276 2583 380 2638 Cal.
419 2584 688 2635 dicebatur.
765 2584 929 2648 Atque
967 2585 1090 2636 haec
1129 2593 1232 2635 erat
1270 2587 1426 2637 forma
1463 2590 1578 2637 anni
1615 2586 1866 2650 simplicis,
1941 2585 2056 2635 Jam
2095 2593 2149 2634 ut
2186 2600 2341 2635 annus

44 2668 45 2673 ’
85 2658 166 2707 hic
218 2658 364 2707 etiam
411 2658 474 2707 ad
512 2657 642 2707 Solis
695 2672 887 2707 cursum
936 2659 1404 2722 accommodaretur,
1455 2659 1838 2710 intercalandum
1892 2666 2010 2708 crat.
2084 2658 2342 2713 Modulum

28 2755 31 2759 >
85 2732 235 2794 igitur
272 2730 591 2781 intercalandi
614 2735 679 2781 45
722 2731 825 2781 dies
864 2733 1071 2795 singulis
1111 2733 1441 2796 quadrienniis
1468 2752 1497 2783 a
1526 2733 1725 2783 Graecis
1764 2733 1924 2783 Numa
1962 2738 2210 2781 mutuatus
2252 2738 2338 2792 est,

84 2803 296 2867 illosque
333 2806 382 2852 in
423 2810 453 2854 2
494 2805 666 2854 breves
705 2820 896 2855 menses
939 2806 1301 2869 (Mercedonios
1341 2804 1514 2872 dictos)
1555 2807 1823 2868 distribuit,
1866 2821 2068 2869 quorum
2109 2805 2232 2855 alter
2272 2810 2336 2854 22

23 2915 27 2920 .
85 2877 271 2927 dierum
299 2884 442 2940 esset,
482 2877 603 2927 alter
631 2883 695 2928 23
727 2878 925 2928 dierum.
991 2879 1073 2929 Sic
1099 2882 1282 2944 primus
1307 2895 1463 2929 annus
1490 2881 1580 2929 suit
1605 2879 1824 2943 simpleX‚
1865 2878 1987 2929 alter
2013 2894 2121 2928 cum
2146 2878 2339 2928 Merce-

86 2950 232 2999 donio
274 2956 339 3000 22
367 2950 566 3012 dierum,
606 2954 775 3001 tertius
814 2967 1002 3002 rursum
1040 2954 1262 3017 simplex,
1304 2959 1352 3003 et
1391 2961 1592 3017 quartus
1632 2953 1841 3016 denique
1881 2967 1989 3002 cum
2024 2951 2338 3001 Mercedonio

89 3030 153 3074 23
198 3023 398 3074 dierum.
462 3022 572 3073 Hoc
611 3031 715 3074 erat
738 3025 1111 3088 quadriennium
1151 3027 1286 3079 illud.
1350 3027 1661 3077 Intercalatio
1699 3027 1830 3075 facta
1857 3032 1929 3076 est
1956 3039 2120 3074 mense
2148 3025 2335 3086 ultim0,

32 3150 38 3159 ,
87 3111 260 3160 nempe
299 3097 593 3159 Februario,
648 3104 701 3147 ut
739 3106 1091 3149 consueverant
1141 3100 1403 3164 pleraeque
1442 3107 1627 3163 gentes.
1703 3099 1833 3147 Illud
1871 3105 2033 3148 tamen
2072 3098 2335 3161 peculiare,

56 3171 218 3235 =quod
275 3176 387 3233 post
445 3169 572 3219 diem
632 3176 717 3220 23.
764 3171 1018 3223 Februarii
1077 3172 1182 3240 (qui
1235 3170 1595 3237 „Terminalia“
1649 3166 1922 3240 dicebatur)
1986 3170 2333 3232 intercalabat3

57 3244 221 3293 :finito
260 3257 426 3292 mense
464 3243 766 3293 intercalario
805 3244 1018 3309 reliquos
1048 3251 1076 3296 5
1107 3247 1208 3295 dies
1248 3246 1307 3296 de
1345 3251 1481 3297 secto
1512 3247 1777 3296 Februario
1812 3244 2113 3307 numerabat,
2152 3243 2338 3294 scilicet

59 3324 142 3368 int
180 3318 375 3366 omnino
416 3314 662 3366 clauderet
698 3331 878 3367 annum
915 3320 1227 3372 Februarius,

259 3388 530 3453 Sperabant
567 3389 661 3439 hoc
705 3390 850 3440 modo
889 3392 1122 3454 Romani,
1174 3407 1227 3442 se
1277 3405 1372 3439 non
1427 3390 1586 3440 solum
1634 3393 1747 3440 anni
1787 3389 1962 3439 Graeci
2012 3389 2334 3452 quantitatem

41 3463 383 3527 ncomplexos,
424 3461 510 3512 sed
551 3463 695 3511 ctiam
736 3469 908 3526 quarto
948 3481 1143 3529 quoque
1170 3478 1298 3515 anno
1326 3463 1388 3513 ad
1416 3463 1622 3513 eundem
1650 3463 1777 3512 Solis
1806 3478 2011 3524 cursum,
2054 3462 2136 3524 qui
2163 3462 2333 3523 suerat,

0 3567 1 3593 ;
42 3543 420 3602 ¹iperventuros.
484 3534 580 3583 Sed
620 3541 824 3599 utroque
863 3538 974 3588 salsi
1013 3546 1141 3589 sunt.
1205 3538 1330 3586 Nam
1355 3551 1451 3586 non
1491 3536 1947 3597 animadverterunt,
1987 3549 2164 3585 annum
2193 3549 2334 3585 suum

0 3658 2 3671 ,
42 3615 213 3661 ιεέιηῐιο
255 3609 553 3659 Graecorum
591 3609 779 3671 integro
818 3609 895 3661 die
932 3611 1202 3675 longiorem
1243 3624 1362 3671 esse,
1405 3615 1457 3658 ut
1495 3624 1642 3672 supra
1681 3608 1861 3658 dictum
1889 3614 1985 3670 est3
2024 3609 2163 3657 annis
2191 3609 2335 3671 igitur

0 3711 4 3744 ς
43 3679 71 3744 ζ
87 3689 120 3734 4
160 3698 255 3732 non
297 3689 400 3731 erat
439 3682 555 3744 ipsis
595 3680 814 3743 pluribus
853 3689 915 3733 41
962 3684 1134 3734 diebus
1176 3681 1518 3746 intercalandis
1559 3696 1704 3746 opu8‚
1747 3695 1854 3730 cum
1894 3681 1965 3729 illi
2004 3680 2066 3730 ad
2105 3682 2332 3731 similitu-

0 3797 6 3806 .
44 3760 46 3769 ’
71 3757 248 3807 dinem
288 3756 585 3805 Graecorum
627 3757 691 3803 45
733 3755 1133 3819 intercalassent3
1175 3770 1323 3818 quare
1362 3742 1563 3804 totidem
1604 3754 1922 3804 abundabant
1963 3754 2158 3818 diebuS,
2213 3762 2333 3819 quot

0 3815 240 3896 ,Manuos
287 3832 355 3878 ita
406 3829 738 3889 transigerent.
811 3826 956 3891 Quod
1003 3831 1084 3879 ubi
1137 3827 1528 3878 animadversum
1577 3828 1689 3889 suit,
1744 3829 1849 3876 sivo
1889 3844 1919 3877 a
1955 3828 2115 3878 Numa
2165 3843 2253 3878 seu
2302 3845 2331 3878 a

0 3917 13 3967 ιῑ
73 3904 316 3971 »poster-is,
370 3900 464 3952 hoc
500 3899 646 3951 modo
684 3901 974 3953 medendum
1012 3916 1119 3955 esse
1165 3907 1451 3953 statuerunt.
1527 3901 1884 3966 Exspectarunt
1930 3900 2084 3952 donec
2129 3902 2331 3952 totidem
