2652 4088
279 126 388 183 248
874 125 1160 170 collectanea
1185 135 1245 166 ex
1277 120 1506 167 codicibus
1534 121 1928 167 Pulkoviensibus.

272 292 382 326 nem
423 277 706 324 varietatem
756 278 917 321 motus
970 272 1168 321 venerii.
1246 269 1437 318 Deinde
1485 276 1699 319 centrum
1745 270 1935 330 rotulae
1972 268 2165 333 applica
2213 277 2376 319 centro
2414 274 2525 321 uni—

270 348 467 407 versali,
506 345 709 408 gradum
736 346 1149 394 circumferentiae
1177 340 1234 391 2Ο
1263 343 1385 411 309(
1421 341 1581 392 lineae
1613 344 1819 407 apogaei
1847 342 2050 390 Veneris
2075 344 2161 402 sic,
2189 350 2242 390 ut
2268 358 2368 392 sex.
2399 352 2440 394 1.
2470 344 2527 395 4⁰

271 422 420 485 paulo
460 421 618 466 minus
658 417 863 480 quadret
907 418 968 465 ad
1009 417 1306 478 superiorem
1359 422 1546 477 partem
1585 418 1750 478 nigrae
1797 414 1957 463 lineae
2003 415 2051 460 in
2098 414 2283 464 tabula.
2361 417 2420 465 Et
2457 420 2526 467 sic

274 493 520 556 applicata
557 490 716 538 rotula
756 489 975 538 adscribe
1016 489 1282 536 divisiones
1321 495 1370 535 et
1405 502 1632 536 numeros
1673 488 1774 536 orbi
1803 487 2022 545 Veneris,
2064 495 2298 547 quantum
2336 489 2418 538 ille
2445 505 2530 554 per

273 566 551 627 angustiam
590 577 762 626 capere
803 569 979 624 potest.
1055 561 1118 608 Et
1156 561 1272 623 quia
1308 559 1388 607 hic
1428 565 1458 608 2
1499 560 1653 609 habes
1693 559 1897 609 circulos
1935 573 2023 622 pro
2065 556 2134 624 ῼ,
2187 559 2295 609 ideo
2334 561 2527 610 lineolis

272 637 334 686 ad
374 643 587 686 centrum
627 634 982 685 declinantibus
1020 640 1279 696 utrumque
1321 632 1552 681 circulum
1600 638 1856 693 connecte,
1904 646 1991 695 pro
2031 645 2088 680 eo
2140 633 2270 695 quod
2318 636 2368 681 in
2416 635 2527 684 aliis

273 717 453 776 puncta
490 710 663 759 fecisti.

916 795 1239 842 Delineatio
1278 794 1552 852 sphaerae
1588 795 1881 843 Mercurii.

448 881 636 931 Circino
678 882 724 928 iu
764 880 894 930 linea
938 885 1034 928 100
1074 881 1286 942 partium
1324 878 1675 942 comprehende
1714 885 1875 942 partes
1905 878 1989 947 45,
2028 881 2143 928 item
2170 881 2253 948 23,
2294 887 2342 929 et
2367 883 2527 946 posito

274 970 372 1004 uno
411 953 534 1019 pede
571 956 620 1000 in
660 959 825 1002 centro
859 952 1155 1012 universali,
1208 966 1315 999 cum
1355 951 1510 1001 altero
1549 951 1766 1001 describe
1807 957 1836 1000 2
1877 951 2118 1013 circellos‚
2159 956 2242 1016 qui
2281 954 2529 1004 includent

275 1042 465 1077 omnem
506 1028 790 1075 varietatem
826 1034 988 1074 motus
1033 1024 1346 1073 mercurialis,
1424 1024 1613 1074 Deinde
1652 1034 1868 1074 centrum
1906 1025 2095 1074 rotulae
2133 1026 2326 1090 applica
2361 1035 2528 1077 centro

274 1100 562 1158 universali,
613 1106 844 1164 punctum
895 1113 1010 1147 vcro
1061 1097 1124 1146 ad
1180 1102 1208 1146 5
1255 1112 1355 1146 sex.
1399 1095 1456 1145 0⁰
1500 1097 1647 1161 paulo
1698 1101 1855 1145 minus
1905 1098 2100 1162 applica
2143 1113 2319 1148 coecae
2370 1100 2528 1150 lineae

275 1175 484 1238 apogaei
528 1171 849 1231 mercuriali8‚
904 1174 975 1219 sic
1026 1178 1079 1219 ut
1117 1185 1279 1233 sexag.
1323 1175 1369 1222 0.
1413 1168 1543 1237 59.ἒο
1592 1170 1862 1235 applicetur
1905 1172 2141 1235 superiori
2191 1174 2315 1235 parti
2362 1175 2529 1236 nigrae

274 1246 435 1296 lineae
474 1248 522 1293 in
562 1245 743 1295 tabula.
818 1245 890 1292 Ex
931 1243 1091 1292 rotula
1124 1245 1198 1292 sic
1236 1242 1484 1306 applicata
1520 1257 1745 1291 numeros
1786 1253 1833 1291 ct
1870 1251 2052 1306 puncta
2088 1245 2291 1294 transfer
2329 1246 2391 1294 ad
2432 1249 2528 1295 cir-

278 1319 440 1369 culum
475 1317 838 1379 mercurialem,
877 1319 947 1365 ita
984 1324 1169 1377 tamen,
1224 1324 1277 1364 ut.
1314 1330 1400 1379 pro
1438 1319 1629 1379 punctis
1668 1316 1823 1365 lineas
1862 1316 2040 1375 ducas,
2080 1323 2335 1381 utrumque
2374 1321 2529 1368 circu-

277 1392 379 1441 lum
418 1397 776 1441 connectentes,

452 1463 570 1513 Pro
610 1462 1056 1513 delineatione
1095 1462 1272 1511 orbis
1311 1461 1557 1510 lunaris
1595 1460 1860 1511 sumendae
1901 1468 2064 1511 essent
2101 1461 2134 1531 -4-
2174 1461 2234 1511 de
2273 1478 2369 1513 una
2393 1470 2531 1527 parte

283 1540 332 1586 in
372 1537 502 1586 linea
545 1541 642 1585 100
682 1538 917 1599 partium,
967 1544 1014 1585 et
1063 1537 1224 1598 posito
1263 1548 1360 1582 uno
1398 1533 1523 1597 pede
1570 1535 1738 1582 circini
1776 1536 1824 1581 in
1865 1549 2013 1583 unum
2052 1497 2252 1599 aliquod
2300 1545 2534 1599 punctum

285 1625 372 1675 per
410 1609 845 1660 circumferentiam
884 1610 1013 1657 orbis
1051 1609 1242 1667 terreni,
1283 1621 1392 1654 cum
1431 1606 1583 1655 altero
1616 1607 1739 1669 pede
1766 1607 2111 1656 describendus
2150 1610 2272 1657 foret
2297 1610 2534 1671 circellus,

280 1683 408 1732 ultra
446 1697 590 1746 quern
629 1682 770 1731 Luna
807 1696 1056 1743 nunquam
1096 1679 1328 1730 ascendit.
1382 1678 1572 1728 Deinde
1610 1679 1758 1742 hujus
1797 1681 1975 1729 circelli
2014 1685 2321 1744 sexagesima
2358 1691 2538 1733 octava

284 1756 477 1805 demum
514 1769 627 1818 pars
667 1760 900 1817 aequaret
938 1753 1226 1802 diametrum
1265 1754 1480 1815 corporis
1519 1755 1715 1814 terreni,
1753 1753 1886 1815 quod
1923 1753 2131 1816 fingetur
2168 1757 2215 1801 in
2243 1755 2403 1804 medio
2441 1758 2537 1804 cir-

283 1828 391 1878 celli
439 1827 637 1877 lunaris.
714 1827 874 1876 Tanto
920 1828 1147 1875 nimirum
1196 1824 1456 1874 intervallo
1507 1832 1706 1888 superat
1761 1826 1885 1875 coeli
1937 1827 2164 1876 machina
2215 1830 2536 1890 cogitationes

279 1908 484 1953 nostras.

451 1973 636 2024 Verum
663 1975 923 2034 enimvero,
964 1973 1079 2035 quia
1104 1973 1303 2020 nimium
1330 1971 1508 2032 exigua
1533 1969 1654 2019 haec
1678 1970 1954 2033 sphaerula,
1994 1986 2084 2021 nec
2109 1979 2225 2035 apta
2254 1980 2309 2022 ut
2333 1977 2534 2035 numeri,

278 2046 456 2098 nedum
480 2045 795 2110 particulares
822 2047 962 2095 orbes
990 2048 1037 2093 in
1064 2059 1173 2093 eam
1199 2047 1490 2103 inserantur,
1519 2043 1629 2092 ideo
1658 2045 1703 2090 in
1730 2043 1824 2092 hac
1851 2044 2038 2093 theoria
2075 2045 2235 2094 rotula
2259 2048 2401 2096 nobis
2427 2047 2538 2097 loco

277 2120 514 2186 sphaerae
558 2119 739 2167 lunaris
785 2118 1061 2168 adhibenda
1096 2120 1210 2177 erit,
1252 2131 1378 2179 quae
1417 2131 1523 2165 sese
1559 2118 1684 2165 inter
1719 2115 1901 2166 Jovem
1937 2125 1985 2166 et
2023 2117 2230 2167 Martem
2267 2122 2534 2182 insinuans,

281 2195 403 2247 satis
444 2193 656 2256 amplum
698 2194 873 2254 reperit
897 2193 1108 2255 spatium
1136 2205 1223 2254 pro
1252 2189 1628 2238 demonstranda
1652 2198 1813 2238 motus
1838 2189 2022 2238 lunaris
2049 2193 2302 2244 varietate.
2355 2193 2538 2246 Verum
2615 2235 2620 2243 .

288 2265 352 2317 ad
389 2265 483 2315 hoc
523 2280 645 2329 opus
686 2274 757 2314 est
797 2264 894 2313 alia
934 2264 1146 2327 quadam
1186 2277 1340 2325 eaque
1381 2264 1558 2324 exigua
1595 2263 1770 2313 rotula.
1832 2263 1957 2311 Nam
1997 2265 2044 2311 in
2071 2265 2323 2328 superficie
2351 2266 2538 2315 divisae

282 2338 474 2387 rotulae
514 2338 865 2401 comprehende
908 2335 1015 2406 735⁰.
1080 2335 1272 2386 Deinde
1310 2335 1372 2383 ad
1411 2349 1583 2382 manus
1621 2348 1759 2384 sume
1795 2335 2012 2399 aliquam
2037 2341 2306 2398 materiam,
2348 2355 2407 2387 ex
2440 2355 2537 2402 qua

285 2413 432 2461 etiam
470 2411 631 2460 rotula
672 2418 882 2469 constat,
935 2417 983 2459 et
1022 2423 1130 2457 cum
1167 2408 1259 2458 bac
1299 2407 1619 2470 amplitudine
1659 2408 1878 2458 describe
1910 2409 2157 2459 circellum
2198 2426 2405 2474 eumque
2446 2427 2533 2461 ex-

284 2483 452 2533 scinde
490 2490 540 2533 et
575 2498 660 2547 per
699 2491 914 2531 centrum
951 2482 1140 2531 rotulae
1180 2481 1274 2530 duc
1311 2481 1614 2530 diametrum.
1691 2481 1916 2544 Amplius
1955 2497 2075 2546 cape
2114 2485 2292 2533 circino
2330 2486 2539 2547 gradum

287 2555 354 2625 13¹5
391 2557 440 2603 in
478 2556 648 2606 eadem
688 2556 1073 2606 circumferentia
1124 2561 1171 2604 et
1215 2557 1377 2618 posito
1432 2568 1527 2602 uno
1575 2551 1700 2618 pede
1747 2554 1811 2602 ad
1860 2555 2007 2603 finem
2057 2555 2346 2607 alterutrum
2391 2558 2537 2607 modo

285 2627 460 2679 ductae
501 2628 735 2687 diametri,
776 2644 883 2675 cum
922 2627 1078 2676 altero
1118 2629 1165 2674 in
1205 2627 1439 2676 diametro
1480 2634 1694 2675 centrum
1733 2629 1953 2690 imprime
1994 2635 2245 2692 totamque
2284 2633 2536 2680 materiam

283 2704 334 2750 in
371 2707 551 2764 puncto
591 2716 679 2750 acu
720 2715 983 2764 pei-punge.
1046 2699 1371 2749 Nihilominus
1410 2714 1469 2747 ex
1508 2698 1592 2748 illo
1631 2705 1794 2748 centro
1834 2707 1882 2748 et
1919 2715 2028 2748 cum
2054 2701 2140 2766 illa
2166 2704 2330 2751 circini
2358 2703 2537 2767 ampli-

284 2773 452 2824 tudine
491 2773 708 2824 describc
749 2774 898 2821 alium
938 2771 1180 2822 circellum
1218 2775 1434 2834 nigrum,
1484 2774 1567 2833 qui
1605 2774 1732 2821 sicut
1768 2787 1799 2820 a
1838 2772 2072 2822 diametro
2122 2777 2255 2837 prius
2303 2775 2450 2827 ducta
2487 2779 2537 2825 in

289 2847 385 2897 duo
426 2846 682 2907 dividitur,
733 2847 800 2893 ita
839 2852 892 2894 tu
931 2860 1055 2893 eum·
1080 2844 1287 2908 amplius
1325 2846 1373 2891 in
1415 2849 1445 2891 4
1484 2851 1646 2906 partes
1685 2844 1906 2906 dividas,
1957 2845 2104 2895 ducta
2149 2849 2537 2911 perpendiculari

285 2935 372 2985 per
410 2919 711 2971 diametrum.
777 2919 836 2967 Et
873 2933 1090 2967 summae
1127 2921 1252 2981 parti
1292 2915 1470 2967 circelli
1495 2917 1717 2967 adscribe
1743 2925 1907 2966 notam
1940 2916 2020 2978 U,
2061 2922 2188 2970 imae
2226 2936 2346 2972 vero
2371 2930 2537 2972 notam

289 3002 347 3047 0(
401 2993 480 3042 vel
521 3005 602 3047 σο.
678 2992 813 3041 Parti
860 2993 1082 3040 sinistrae
1122 2990 1184 3054 (si
1225 3004 1423 3039 censeas
1471 2989 1714 3038 circellum
1764 2992 1814 3038 in
1862 2995 2098 3054 superiori
2154 3000 2291 3056 parte
2336 2996 2535 3059 majoris

289 3079 486 3144 circelli)
526 3079 680 3128 scribe
716 3084 880 3127 notam
908 3063 1068 3153 g‘offl,
1121 3078 1316 3127 dextrae
1354 3060 1517 3149 [122.
1582 3077 1835 3126 Postremo
1862 3079 2009 3127 etiam
2048 3081 2282 3142 majorem
2319 3081 2526 3131 rotulam

287 3169 338 3216 in
376 3182 465 3216 suo
508 3173 670 3215 centro
707 3180 954 3229 perpunge
993 3174 1041 3215 et
1079 3177 1138 3214 ex
1177 3164 1331 3213 altera
1367 3170 1504 3227 parte
1541 3176 1600 3211 ex
1640 3161 1728 3212 illo
1765 3170 1927 3212 centro
1964 3181 2051 3228 per
2073 3173 2392 3230 perpunctum
2419 3183 2535 3218 cen·

288 3247 415 3290 trum
452 3240 650 3288 minoris
689 3238 867 3288 circelli
906 3238 999 3287 duc
1035 3241 1222 3300 nigrum
1249 3238 1495 3286 circulum.
1534 3234 1718 3285 Ultimo
1756 3237 1950 3299 applica
1988 3247 2202 3288 centrum
2241 3240 2417 3289 circelli
2454 3256 2550 3295 r0-.

290 3312 423 3362 tulae
451 3319 629 3368 centro,
658 3317 870 3360 centrum
909 3326 1026 3360 vero
1064 3313 1263 3360 minoris
1297 3309 1473 3358 circelli
1498 3315 1814 3372 perpunctum
1842 3310 2036 3373 applica
2061 3313 2296 3362 beneficio
2333 3314 2532 3376 regulae

293 3385 356 3435 ad
393 3399 560 3447 sexag.
602 3389 649 3434 3.
690 3383 821 3451 23ᾗ0
853 3383 1059 3433 rotulae.
1113 3383 1174 3432 Et
1210 3385 1335 3431 sicut
1370 3384 1420 3429 in
1459 3381 1667 3444 planetis
1706 3383 1926 3431 adscribe
1962 3385 2143 3445 gradus
2181 3392 2230 3435 et
2265 3400 2537 3448 sexagenas

290 3459 405 3507 huic
442 3458 613 3506 ultimo
653 3456 827 3506 ductae
865 3456 1023 3506 lineae
1063 3457 1311 3514 circulari,
1363 3456 1549 3517 eritque
1586 3454 1677 3502 tibi
1712 3454 1790 3503 hic
1829 3456 2074 3519 circellus,
2115 3458 2177 3507 ad
2216 3457 2422 3508 rotulam
2460 3458 2535 3522 (ut

295 3530 566 3593 docebaris)
604 3530 893 3593 applicatus,
930 3543 1018 3592 pro
1054 3529 1263 3592 sphaera
1297 3527 1468 3577 lunari.

1121 3661 1354 3708 zodiaci
1387 3659 1709 3708 instructio.

467 3746 539 3794 Ex
577 3745 731 3796 altera
765 3747 888 3796 facie
925 3747 1112 3796 rotulae
1150 3747 1304 3796 habes
1332 3751 1394 3795 12
1422 3750 1616 3809 puncta,
1655 3759 1742 3807 per
1780 3760 1906 3807 quae
1944 3761 2004 3796 ex
2042 3752 2204 3796 centro
2230 3748 2416 3798 rotulae
2441 3747 2534 3795 duc

298 3816 528 3868 circulum
572 3825 621 3869 et
656 3819 796 3870 lineis
832 3834 918 3884 per
959 3825 1022 3869 12
1062 3828 1243 3884 puncta
1290 3818 1447 3870 ductis
1496 3817 1633 3868 illum
1689 3817 1945 3883 distingue.
2025 3819 2231 3884 Singula
2281 3826 2344 3870 12
2394 3821 2534 3883 signa
