2652 4088
1021 142 1055 188 1.
1071 140 1422 191 Mathematica.
2245 144 2350 202 161

97 296 282 358 jectum
322 294 664 344 astronomiae.
728 293 791 342 Et
826 298 945 352 tum,
985 294 1068 355 qui
1107 298 1258 341 totam
1285 295 1458 342 seriem
1495 293 1725 356 temporis
1753 292 2028 342 considerat
2063 297 2353 356 tempusque

101 369 319 416 historiis
358 369 615 427 connectit,
657 365 979 428 chronologus
1007 365 1196 426 dicitur,
1238 368 1319 428 qui
1349 381 1463 416 vero
1491 372 1682 429 tempus
1707 365 1973 428 politicum,
2015 365 2189 415 dicitur
2218 380 2354 415 com-

101 443 288 504 putista
339 441 421 489 vel
476 438 981 502 calendariographus
1061 437 1247 499 Quodsi
1297 439 1428 488 linea
1475 439 1805 488 consideretur
1850 440 1898 485 in
1948 439 2043 488 fide
2095 446 2144 488 et
2182 441 2354 490 ceteris

104 514 410 572 sonantibus,
448 512 502 560 fit
539 512 812 574 subjectum
850 511 1155 560 harmonices
1195 512 1460 561 secundum
1497 526 1608 573 n08,
1650 527 1709 561 ex
1748 525 1844 574 quo
1871 513 2057 560 musica
2096 512 2355 576 dependet.

103 587 172 635 At
208 589 250 633 si
290 585 620 634 consideretur
656 585 785 633 linea
822 587 871 632 in
910 585 1172 633 influxibus
1213 585 1504 635 coelestibus
1543 592 1590 634 et
1630 585 2008 648 operationibus,
2045 585 2148 648 jam
2177 601 2234 635 ex
2261 585 2355 635 hoc
2404 598 2405 601 ’

102 674 215 723 pars
254 659 548 720 astrologiae
587 660 799 706 nascitur
839 657 898 706 de
935 659 1230 720 aspectibus

280 731 569 794 Superficies
608 732 650 778 si
689 730 775 779 fiat
813 732 1081 790 materiata,
1121 731 1175 779 fit
1213 731 1486 794 subjectum
1526 733 1741 794 picturae
1792 730 2172 793 speculatoriae,
2227 745 2353 794 quae

0 820 1 870 1
55 845 57 847 .
107 805 325 855 consistit
366 806 414 850 in
453 809 569 866 apta
606 804 904 865 projectione
943 803 1208 852 solidorum
1234 805 1281 851 in
1310 804 1508 867 planum
1537 810 1705 866 estque
1729 819 1842 867 pars
1870 805 2068 866 optices.
2130 804 2354 867 Amplius

0 890 3 937 ι
105 879 160 926 fit
195 877 469 939 subjectum
507 876 757 924 facultatis
796 876 1026 939 alicujus,
1068 892 1193 939 quae
1219 892 1332 940 pars
1372 883 1446 926 est
1471 877 1712 941 physices,
1765 876 1889 924 Nam
1923 878 2085 925 omnia
2110 876 2353 925 naturalia

0 938 16 1028 (ι’
101 950 449 1012 superficiebus
489 956 536 996 et
573 947 903 998 schematibus
943 952 1299 998 communicant
1349 963 1612 1012 earumque
1651 964 1800 998 causa
1838 955 1994 998 certas
2032 951 2351 1013 proprietates

102 1023 302 1080 habent,
342 1022 519 1084 quibus
556 1023 771 1069 nascitur
807 1023 1122 1085 geographia.

270 1094 458 1158 Corpus
496 1094 538 1142 si
575 1093 661 1141 fiat
698 1095 963 1155 materiale,
1002 1095 1057 1143 fit
1093 1095 1364 1157 subjectum
1390 1097 1621 1144 scientiae
1662 1094 1722 1144 de
1761 1093 2070 1157 ponderibus,
2111 1109 2178 1144 sc.
2220 1105 2346 1158 quae

102 1183 214 1232 pars
254 1175 328 1216 est
366 1166 725 1230 quodammodo
764 1167 1006 1231 physices,
1086 1168 1158 1215 Ex
1197 1167 1273 1215 his
1314 1168 1591 1217 theoreticis
1646 1168 1858 1217 scientiis
1907 1168 2124 1218 infinitae
2173 1182 2353 1231 prope-

9 1266 12 1302 s
98 1241 295 1290 modum
332 1248 460 1289 artes
497 1246 640 1288 natae
679 1245 792 1287 sunt
831 1246 880 1288 et
919 1240 1135 1302 quotidie
1174 1247 1449 1292 nascuntur.
1475 1269 1544 1276 —

269 1318 353 1362 His
383 1316 508 1362 sistit
533 1315 720 1371 gradum
751 1316 977 1372 Keplerus
1010 1322 1055 1360 et
1083 1316 1188 1361 inde
1218 1317 1413 1373 plurima
1445 1316 1821 1374 deprehendimus
1861 1317 2131 1371 tentamina,
2170 1330 2261 1362 non
2293 1317 2351 1361 ad

98 1385 233 1430 finem
264 1383 496 1441 perducta,
527 1393 643 1439 quae
664 1381 827 1437 partim
850 1380 908 1424 ad
930 1381 1269 1437 arithmeticam,
1301 1382 1465 1439 partim
1496 1382 1553 1427 ad
1586 1382 1878 1440 geometriam
1898 1381 2139 1440 pertinent,
2172 1395 2229 1427 ex
2251 1382 2347 1439 qui-

100 1452 185 1497 bus
214 1450 339 1495 nullo
371 1448 528 1492 ordine
559 1448 827 1504 conscriptis
859 1449 1098 1503 sequentia
1131 1447 1403 1502 collegimus.

269 1516 461 1572 Folium,
493 1527 582 1570 quo
612 1513 837 1570 Keplerus
867 1514 1033 1559 librum
1052 1513 1096 1559 Ι.
1129 1513 1183 1559 de
1215 1512 1563 1571 Quantitatibus
1593 1510 1844 1569 concludit,
1879 1512 2083 1571 sequitur
2113 1512 2251 1568 aliud,
2285 1512 2350 1557 in-

18 1630 20 1635 ,
94 1584 335 1640 scriptum:

973 1756 1466 1851 Arithmetica.

268 1926 468 1976 Numeri
504 1922 828 1986 triangulares
867 1922 1159 1984 colliguntur
1198 1936 1363 1973 omnes
1403 1919 1627 1971 addendo
1664 1919 1904 1984 prioribus
1940 1920 2210 1982 proximum
2237 1919 2344 1968 basi

28 2006 53 2071 ᾗ
98 2001 451 2065 progressionis
489 1997 822 2047 arithmeticae
860 2010 1129 2044 numerum.

103 2131 299 2171 Addendi
414 2130 584 2169 Numeri
701 2127 930 2179 Imparium
959 2122 1123 2166 basium
1147 2126 1226 2166 hoc
1248 2130 1310 2166 est
1331 2124 1610 2178 privilegium,
1641 2128 1689 2163 ut
1708 2126 1903 2173 generent
1929 2123 2114 2173 trigonos
2135 2124 2251 2163 basis
2281 2123 2347 2176 ip-

98 2194 140 2230 et
170 2191 303 2230 bases.
392 2189 601 2238 trigonici.
702 2187 789 2225 sius
818 2183 1069 2237 multiplices
1100 2186 1383 2239 proportionis
1404 2185 1694 2236 geometricae,
1718 2187 1923 2222 cremento
1956 2182 2123 2234 aequali
2153 2182 2343 2223 minimo.

186 2293 210 2332 1
502 2247 530 2286 0
967 2242 1099 2285 Crem.
1306 2245 1431 2343 Priop.
1605 2243 1901 2344 Balsjsss—
1913 2238 2086 2344 Triang.

183 2381 210 2419 2
503 2323 530 2457 Ξ
1026 2350 1049 2476 1
1343 2380 1381 2418 2.
1658 2375 1699 2415 3.
1731 2394 1903 2402 ---
1992 2373 2034 2415 3.

187 2478 213 2517 3
1341 2476 1383 2518 3,
1657 2472 1700 2511 5.
1730 2491 1902 2498 ———-
1967 2467 2032 2508 15.

184 2517 559 2653 4———1—3—
1025 2534 1048 2572 1
1339 2571 1382 2610 4.
1657 2566 1697 2607 7.
1729 2584 1902 2592 ————
1964 2563 2034 2603 28.

187 2669 212 2710 5
475 2708 531 2749 15
1024 2630 1049 2766 ἶ
1340 2667 1380 2708 5.
1657 2663 1698 2702 9.
1729 2681 1901 2689 ---
1961 2656 2035 2701 45.

186 2766 213 2807 6
1342 2764 1383 2807 6,
1630 2759 1696 2798 11.
1728 2779 1901 2786 ——-—
1962 2756 2035 2797 66.

187 2861 210 2901 7
473 2807 530 2848 21
1025 2822 1049 2862 1
1343 2859 1384 2901 7,
1630 2854 1700 2895 13.
1964 2853 2035 2895 91.

186 2956 213 2997 8
472 2903 559 2988 28--
1027 2920 1050 2959 1
1343 2955 1384 2994 8.
1628 2950 1697 2991 15.
1935 2949 2033 2989 120.

186 3052 350 3092 9-—
474 3000 530 3041 36
1027 3016 1047 3054 ι
1345 3050 1386 3090 9.
1629 3045 1697 3087 17.
1935 3042 2034 3083 153.

160 3149 215 3189 10
473 3095 529 3135 45
1027 3113 1049 3152 1
1318 3146 1385 3188 10,
1637 3142 1700 3182 19.
1936 3138 2035 3178 190.

160 3246 212 3285 11
475 3191 529 3233 ⁵⁵
1027 3210 1049 3248 ¹
1316 3225 1395 3280 11—
1629 3238 1698 3278 21.
1932 3234 2032 3273 231.

159 3343 212 3383 12
474 3288 560 3372 66-
1027 3306 1049 3344 ¹
1316 3337 1387 3379 12.
1627 3333 1699 3374 23.
1935 3328 2034 3369 273.

475 3381 529 3424 78
1027 3394 1049 3432 l
1331 3432 1397 3471 13.
1625 3428 1694 3467 25.
1928 3421 2027 3464 325.

1027 3492 1048 3530 1
1313 3528 1384 3568 14.
1626 3526 1699 3566 27.
1934 3521 2034 3565 378.

1027 3588 1049 3626 1
1314 3623 1383 3666 15.
1629 3621 1701 3663 29.
1932 3619 2034 3661 435.

1026 3680 1064 3834 ¹)
1314 3720 1384 3762 16.
1625 3715 1695 3757 31.
1930 3718 2031 3759 496.

183 3861 341 3908 topi-rt
362 3861 488 3905 Opera
509 3862 611 3899 vm.
1944 3865 1998 3914 11
