2652 4088
277 163 384 221 218
865 159 1149 206 Collectanea
1179 170 1237 205 ex
1268 157 1498 206 codicibus
1528 159 1920 207 Pulkoviensibus.

280 319 432 363 terrae
472 316 519 359 ct
556 312 756 373 primam
796 311 1078 359 servitutem
1116 308 1199 357 fiet
1237 322 1472 357 annorum
1512 315 1605 372 36,
1661 316 1709 360 et
1756 309 1874 359 ordo
1920 316 2189 374 temporum
2228 310 2333 360 hic:
2389 326 2516 360 anno

283 392 366 436 39.
407 385 468 432 ab
509 386 638 431 exitu
679 390 917 446 occupata
955 390 1083 431 terra
1108 380 1319 441 SihoniS,
1360 397 1404 429 a.
1447 387 1531 434 46.
1574 384 1732 431 divisa
1769 391 1922 446 terra3
1963 386 2180 446 sequitur
2207 390 2343 432 aetas
2370 399 2519 434 aurea

281 464 343 508 36
387 471 635 516 annorum,
675 458 801 504 intra
840 471 961 517 quos
1000 454 1159 503 Josua
1196 462 1414 502 mortuus
1453 461 1548 515 est,
1589 458 1743 505 tribus
1782 456 1894 503 hinc
1931 456 2043 504 inde
2082 456 2212 505 bella
2249 464 2517 518 gesserunt,

280 545 485 592 cumque
523 534 758 591 perpetua
796 534 1042 576 uterentur
1080 527 1339 586 felicitate,
1393 528 1635 590 supplices
1686 530 1841 576 factos
1892 528 2057 577 hostes
2093 531 2274 577 tributa
2310 530 2519 592 pendere

273 604 520 665 ,jusserunt
559 601 837 649 incolumes.
915 600 1091 661 Sicque
1130 614 1250 661 pace
1290 600 1418 646 sacta
1456 602 1643 663 aliquot
1681 616 1931 660 annorum,
1973 609 2234 663 coeperunt
2271 602 2517 650 luxuriari.

279 677 403 737 Ergo
444 674 677 737 paulatim
715 674 926 722 invaluit
964 672 1257 729 idololatria,
1299 672 1437 733 cujus
1474 676 1718 735 specimen
1749 689 1854 735 cap.
1888 680 1968 733 17,
2010 690 2118 722 cum
2144 689 2285 722 nemo
2313 677 2357 721 in
2386 689 2520 723 com-

278 763 420 796 mune
459 750 743 809 imperaret3
796 745 984 794 Josuae
1027 746 1154 793 enim
1203 743 1365 792 nullus
1406 744 1501 793 dux
1551 754 1636 794 aut
1675 746 1826 808 judex
1865 749 2112 795 successit.
2188 747 2360 810 Itaque
2398 746 2519 794 illud

279 827 422 883 caput
462 827 625 883 aperte
663 819 899 879 affirmat,
946 832 1073 884 „non
1113 818 1262 865 fuisse
1301 831 1460 878 regem
1502 819 1548 865 in
1588 817 1793 869 Israel.“
1872 819 2116 869 Paulatim
2156 821 2301 868 etiam
2341 822 2521 868 transi-

282 894 398 942 bant
446 895 492 940 in
549 907 705 941 mores
761 892 1127 940 Cananaeorum
1178 890 1404 951 factaque
1451 898 1552 938 tum
1605 899 1678 940 est
1729 894 1988 940 internecio
2042 894 2196 940 tribus
2248 893 2521 954 Benjamin.

282 967 425 1014 Anno
465 970 548 1014 82.
591 964 843 1014 Chusanus
881 963 1200 1021 Risathaeus,
1242 977 1325 1010 seu
1367 963 1560 1013 foedere
1601 964 1870 1013 Cananaeis
1910 966 2191 1025 obstrictus,
2230 980 2316 1014 seu
2355 966 2521 1013 finium

277 1037 696 1102 propagandarum
725 1052 895 1095 causa,
935 1036 1115 1084 bellum
1142 1034 1374 1083 Israelitis
1400 1036 1540 1085 infert
1572 1038 1824 1100 victisque,
1865 1037 1996 1099 quod
2036 1040 2134 1086 otio
2171 1044 2523 1087 consenuerant

280 1118 327 1161 et
378 1113 496 1160 duce
536 1111 788 1170 carebant,
842 1110 1020 1157 tributa
1067 1109 1310 1170 imposuit.
1390 1109 1532 1156 Anno
1574 1116 1656 1158 90.
1711 1110 1939 1159 Othoniel
1986 1111 2080 1159 hoc
2126 1111 2300 1173 jugum
2346 1111 2523 1173 repulit

274 1186 636 1247 supervixitque
674 1198 828 1246 usque
868 1182 929 1230 ad
969 1196 1146 1230 annum
1178 1186 1276 1229 112
1307 1195 1345 1228 c.
1410 1182 1481 1230 Eo
1519 1191 1708 1232 mortuo
1749 1183 1904 1246 Eglon
1958 1185 2117 1246 coepit
2152 1183 2373 1232 Judaeos
2409 1198 2523 1247 pre-

274 1272 425 1318 mere,
475 1256 562 1306 sed.
599 1258 786 1319 quievit
820 1255 1132 1303 nihilominus
1170 1260 1311 1314 terra,
1352 1269 1446 1302 non
1487 1271 1538 1304 se
1579 1259 1842 1304 commovit
1879 1257 2090 1320 populus
2137 1271 2292 1319 usque
2331 1256 2392 1305 ad
2432 1271 2523 1306 an-

275 1345 391 1380 num
421 1335 539 1392 130,
581 1331 740 1378 occiso
779 1329 966 1392 Eglone
1005 1327 1067 1376 ab
1095 1326 1254 1375 Aodo,
1315 1326 1436 1377 Inde
1475 1327 1701 1378 diuturna
1737 1345 1835 1393 pax
1873 1343 2028 1393 usque
2066 1328 2129 1378 ad
2164 1336 2367 1379 mortem
2393 1329 2523 1378 Aodi

275 1419 321 1454 a.
365 1408 488 1465 190,
543 1408 646 1452 tum
695 1401 930 1466 paulatim
982 1399 1273 1450 convaluere
1311 1401 1439 1450 vires
1477 1401 1647 1451 Jabini
1692 1404 1943 1466 pressique
1982 1402 2264 1463 Israelitae,
2321 1402 2518 1452 tandem

275 1490 402 1526 anno
445 1481 564 1526 210.
605 1475 727 1524 duce
765 1475 952 1524 Baraco
987 1474 1161 1537 jugum
1199 1481 1526 1535 excusserunt,
1567 1482 1819 1525 consumto
1858 1476 2022 1525 forsan
2060 1489 2158 1524 uno
2197 1482 2343 1539 atque
2369 1475 2522 1524 altero
2588 1520 2590 1523 ⁴

277 1563 403 1599 anno
443 1551 490 1596 in
531 1547 800 1611 subigendo
839 1547 1043 1608 Jabine,
1092 1552 1145 1594 ut
1190 1547 1252 1595 sit
1292 1551 1393 1596 212
1435 1547 1543 1596 finis
1589 1548 1705 1598 belli
1744 1554 1792 1597 et
1829 1550 2019 1597 initium
2057 1551 2193 1612 pacis
2241 1556 2289 1598 et
2327 1550 2520 1613 quietis,

280 1638 404 1686 quae
444 1622 637 1670 duravit
689 1622 829 1669 annis
871 1626 934 1670 33
976 1634 1130 1681 usque
1170 1619 1232 1668 ad
1273 1624 1404 1679 245,
1457 1635 1565 1668 cum
1605 1628 1796 1670 mortua
1836 1622 2034 1670 Debora
2071 1621 2358 1671 Midianitae
2397 1623 2523 1670 inci-

276 1699 414 1759 piunt
454 1709 629 1743 vexare
669 1694 942 1760 israelitas,
1001 1706 1124 1755 quos
1172 1692 1358 1741 domuit
1397 1692 1599 1742 Gedeon
1639 1710 1683 1743 a.
1727 1699 1848 1744 252.
1923 1695 2020 1743 Hic
2056 1695 2284 1743 fundator
2323 1694 2521 1758 quidam

277 1776 378 1817 erat
416 1767 723 1817 haereditarii
766 1767 844 1816 vel
884 1771 1008 1814 certe
1047 1767 1330 1814 successorii
1363 1766 1627 1828 judicatus·
1706 1767 1827 1815 Nam
1866 1783 1910 1817 a,
1953 1772 2072 1819 292.
2111 1770 2321 1816 moriens
2349 1769 2523 1816 Abime

273 1841 451 1890 lectum
477 1854 804 1889 successorem
829 1839 1054 1901 reliquit3
1093 1838 1172 1887 hic
1198 1853 1240 1886 a.
1272 1843 1391 1887 295.
1431 1839 1653 1900 Tholam,
1695 1840 1854 1889 Thola
1880 1857 1923 1892 a.
1954 1845 2072 1890 318.
2111 1840 2318 1889 Jairum.
2358 1840 2520 1903 Hujus

276 1929 401 1963 anno
441 1920 614 1976 quarto
654 1914 841 1975 imperii
881 1911 1172 1960 convaluere
1211 1911 1493 1972 Philistaei,
1546 1915 1629 1974 qui
1679 1915 1833 1975 primo
1875 1913 2175 1973 Galilaeam‚
2225 1920 2337 1977 post
2376 1917 2522 1962 etiam

275 1985 727 2036 trans—Jordaniam
773 1988 1020 2049 regionem
1071 1985 1427 2033 incursionibus
1477 1985 1737 2034 hostilibus
1792 1992 1994 2049 vexant3
2055 1986 2346 2050 duravitque
2402 1987 2524 2036 haee

275 2075 432 2109 rerum
471 2060 620 2108 facies
659 2073 814 2121 usque
853 2057 915 2107 ad
953 2062 1154 2106 mortem
1192 2056 1316 2105 Jairi
1355 2073 1399 2106 a.
1442 2060 1561 2120 340,
1602 2072 1709 2107 cum
1747 2058 1993 2123 Jephthas
2032 2060 2094 2108 ab
2134 2068 2371 2123 occupata
2398 2066 2524 2109 terra

278 2138 379 2183 300
420 2146 573 2182 annos
621 2138 863 2192 numeret,
918 2130 1089 2179 demtis
1128 2143 1194 2179 sc.
1238 2135 1303 2179 40
1345 2130 1535 2180 deserti.
1611 2131 1660 2179 Is
1700 2147 1731 2180 a
1767 2132 2049 2182 Philistaeis
2087 2147 2256 2195 pacem
2305 2134 2522 2195 redemit,

276 2221 342 2255 sc.
383 2211 436 2254 ut
476 2206 767 2253 Ammonitis
806 2206 1027 2253 resistere
1067 2210 1202 2252 tanto
1241 2205 1417 2259 rectius
1454 2210 1638 2267 posset.
1714 2205 1832 2254 Erat
1869 2208 1995 2255 enim
2035 2206 2217 2254 electus
2256 2209 2303 2254 in
2341 2208 2524 2270 princi-

275 2293 385 2342 pem
424 2281 634 2341 regionis
674 2277 867 2327 Galaad
905 2276 1081 2337 solius,
1134 2282 1184 2324 at
1231 2290 1327 2325 non
1374 2279 1524 2326 totius
1563 2277 1865 2327 Israelitidis.
1942 2279 2158 2341 Reliquit
2207 2282 2253 2327 in
2299 2280 2522 2342 judicatu

277 2352 576 2400 Abessanem
629 2367 672 2399 a.
716 2357 836 2401 346.
893 2352 995 2413 (cui
1049 2363 1175 2398 anno
1218 2354 1263 2398 5.
1316 2357 1504 2398 mortuo
1554 2353 1787 2400 successit
1837 2351 1913 2399 Eli
1964 2353 2014 2399 in
2061 2353 2394 2415 pontificatu),
2444 2353 2524 2401 hic

276 2424 478 2473 Elonem
517 2440 562 2473 a.
605 2427 724 2486 353,
765 2425 855 2473 sub
897 2437 993 2485 quo
1034 2430 1176 2472 natus
1215 2428 1288 2471 cst
1325 2422 1539 2473 Samuel.
1615 2423 1677 2472 Et
1714 2423 1907 2473 videtur
1943 2440 2040 2488 pax
2079 2439 2187 2473 cum
2227 2425 2522 2486 philistaeis,

277 2499 497 2545 servituti
535 2498 724 2560 similis,
763 2513 794 2546 a
819 2496 1066 2560 Jephthae
1104 2496 1400 2558 temporibus
1439 2510 1524 2559 per
1560 2495 1650 2545 hos
1682 2497 1875 2559 judices
1914 2498 2112 2546 durasse
2150 2505 2390 2562 natusque
2418 2514 2524 2548 esse
2614 2490 2652 2526 ³¹

279 2570 490 2619 Simson.
565 2571 691 2619 Eion
732 2570 988 2618 Abdonem
1027 2583 1350 2618 successorem
1390 2568 1562 2617 habuit
1600 2584 1645 2617 a.
1688 2575 1819 2632 3633
1861 2570 2040 2619 Abdon
2077 2574 2277 2619 moritur
2317 2577 2436 2631 371,
2476 2577 2524 2620 et

278 2649 391 2706 post
429 2643 556 2691 hunc
593 2645 803 2692 servitus
839 2644 1009 2706 incipit
1047 2642 1327 2702 Philistaea,
1367 2656 1493 2704 quae
1531 2644 1580 2690 in
1619 2656 1677 2691 eo
1718 2644 2026 2704 consistebat,
2067 2649 2121 2691 ut
2158 2645 2338 2693 tributa
2364 2644 2523 2693 lsrae-
2612 2643 2652 2702 †—

276 2716 393 2764 litae
433 2716 714 2777 conferrent,
751 2713 966 2778 judicem
1004 2729 1100 2762 non
1138 2714 1375 2777 legerent,
1414 2714 1590 2763 serrum
1629 2729 1726 2763 non
1766 2722 2040 2765 tractarent.
2079 2715 2142 2781 (A
2173 2722 2275 2766 252
2316 2718 2377 2766 ad
2418 2722 2516 2766 371

279 2803 365 2852 per
403 2803 556 2836 annos
602 2794 700 2837 120
741 2794 940 2836 steterat
980 2787 1253 2835 dominatus
1301 2786 1497 2848 quidam
1545 2787 1842 2849 ordinarius,
1895 2803 2037 2851 quem
2087 2790 2325 2839 sustulere
2365 2790 2523 2838 Phili-

278 2863 442 2923 staei).
520 2861 705 2910 Eodem
744 2867 962 2924 tempore
1000 2859 1192 2908 Simson
1231 2860 1411 2921 incepit
1448 2875 1624 2909 vexare
1665 2859 1908 2921 dominos,
1954 2862 2100 2924 idque
2138 2878 2223 2925 per
2261 2877 2413 2911 annos
2455 2867 2521 2911 20

276 2935 434 2982 facere
472 2948 570 2982 non
611 2934 810 2993 destitit,
852 2948 917 2982 sc.
960 2931 1021 2980 ad
1051 2937 1169 2991 391,
1210 2946 1306 2994 quo
1347 2946 1472 2980 anno
1499 2939 1736 2993 mortuus,
1778 2934 2039 2983 interfectis
2078 2937 2375 2998 principibus
2403 2936 2524 2983 Phi·

277 3006 482 3066 listaeis,
524 3009 830 3056 occasionem
869 3006 999 3055 bello
1040 3004 1185 3063 dedit,
1225 3006 1275 3051 in
1314 3019 1411 3065 quo
1451 3020 1562 3054 arca
1601 3012 1756 3068 capta,
1797 3006 1871 3054 Eli
1912 3014 2146 3059 mortuus,
2198 3008 2313 3057 Jam
2339 3009 2523 3071 pridem

279 3079 477 3128 Samuel
513 3079 721 3129 oraculis
761 3076 1076 3130 clarescebat.
1141 3077 1277 3126 Sicut
1314 3078 1459 3140 igitur
1497 3077 1691 3126 Abdoni
1732 3078 1939 3141 Simson,
1979 3083 2048 3129 ita
2084 3081 2297 3130 Simsoni
2325 3080 2523 3130 Samuel
2613 3138 2618 3143 ¹

279 3152 557 3201 immediate
596 3155 832 3202 successit
869 3153 916 3199 in
951 3150 1188 3214 judicatu,
1227 3152 1450 3212 quamvis
1488 3165 1584 3198 non
1625 3150 1862 3201 ordinarie
1901 3168 1959 3201 ex
1998 3153 2106 3216 lege
2146 3154 2225 3204 vel
2264 3161 2524 3203 consuetu-

280 3224 405 3282 dine,
433 3225 519 3274 scd
545 3240 783 3274 consensu
809 3225 992 3289 populi,
1020 3223 1336 3272 admiratione
1363 3225 1570 3285 pietatis,
1622 3223 1783 3285 Hujus
1810 3227 2039 3288 auspiciis
2075 3229 2213 3275 annis
2242 3233 2307 3275 20
2338 3233 2520 3289 postea,

280 3312 346 3346 sc.
390 3303 487 3346 411
532 3300 594 3348 ab
635 3301 781 3359 exitu,
822 3300 938 3347 victi
977 3304 1090 3345 sunt
1125 3295 1380 3344 Philistaei
1419 3302 1466 3344 et
1504 3298 1760 3345 terminata
1797 3301 2005 3347 servitus
2046 3305 2110 3348 40
2140 3315 2389 3359 annorum,
2431 3300 2524 3348 Sa-

279 3369 438 3419 muele
472 3371 575 3433 Jam
614 3372 677 3420 ad
716 3372 1080 3434 sexagenariam
1121 3375 1331 3418 aetatem
1357 3369 1636 3430 accedente3
1677 3376 1788 3432 post
1814 3386 1966 3420 annos
1994 3388 2034 3422 c.
2067 3378 2147 3433 14,
2190 3388 2297 3421 cum
2324 3374 2524 3421 haberet
2582 3414 2586 3419 ,

280 3458 432 3491 annos
483 3459 630 3507 supra
672 3450 735 3494 70
792 3453 839 3493 et
888 3445 1015 3493 filios
1064 3457 1180 3491 suos
1226 3444 1433 3490 vicarios
1472 3444 1826 3505 constituisset,
1882 3451 1987 3493 orta
2035 3445 2308 3508 indignatio
2355 3445 2524 3508 populi

280 3530 441 3578 regem
471 3519 666 3566 extorsit
692 3515 752 3582 (c.
782 3533 827 3566 a.
859 3516 1025 3579 425.),
1068 3516 1206 3578 cujus
1243 3530 1443 3577 regnum
1479 3529 1576 3563 non
1614 3530 1759 3578 supra
1798 3532 1950 3565 annos
1982 3518 2043 3567 12
2075 3519 2267 3567 duravit
2308 3521 2524 3567 occisus-

283 3603 376 3649 que
418 3595 491 3637 est
527 3605 557 3639 a
595 3589 879 3639 Philistaeis
922 3604 1047 3638 anno
1089 3594 1219 3647 437,
1268 3603 1466 3651 regnum
1507 3587 1687 3637 Davidi
1725 3590 2028 3653 relinquens,
2071 3600 2119 3640 et
2156 3593 2198 3640 is
2237 3605 2363 3640 anno
2405 3593 2521 3640 477.

282 3660 548 3723 Salomoni,
589 3663 729 3725 cujus
768 3677 921 3712 annus
963 3669 1008 3714 3.
1048 3668 1121 3710 est
1162 3667 1279 3711 480.
1320 3663 1382 3710 ab
1422 3663 1567 3712 exitu.

454 3735 680 3799 Denique
719 3751 905 3785 rursum
945 3735 1249 3784 commendat
1277 3737 1586 3795 (Maestlinus)
1620 3749 1757 3782 suam
1798 3739 2222 3800 computationem,
2263 3736 2346 3784 ubi
2371 3736 2525 3798 prima

283 3804 504 3856 obsessio
542 3810 590 3856 in
632 3824 812 3859 annum
850 3809 1213 3859 sabbatharium
1263 3813 1311 3857 et
1352 3806 1621 3870 jubilaeum
1671 3807 1854 3858 incidit.
1932 3810 2169 3874 Sepositis
2212 3810 2312 3872 jam
2354 3807 2533 3857 ceteris·
