2652 4088
277 158 385 216 216
877 150 1165 197 collect-anea
1196 161 1253 193 ex
1284 147 1516 194 codicibus
1546 148 1940 196 PulkoviensibuS.

278 305 339 363 (c.
382 304 453 368 3.)
492 308 546 351 ut
583 316 681 351 non
720 302 877 365 possit
915 314 1061 363 supra
1101 304 1166 348 30
1208 311 1362 346 annos
1400 298 1549 348 fuisse
1591 301 1826 348 moriente
1865 299 1958 351 Eli.
1998 301 2067 363 (1.
2093 299 2224 350 Sam.
2255 315 2296 350 c.
2328 308 2374 364 2,
2415 317 2454 354 c.
2484 307 2533 364 3,

284 385 331 428 7·
378 377 704 507 12'Izclzspo71igio
735 447 922 504 Kepleri
962 446 1018 490 ad
1055 446 1210 491 literas
1251 446 1483 491 Maestlini
1521 452 1672 492 exstat
1711 447 1742 493 1.
1776 460 1814 493 c.
1848 461 1892 503 p.
1934 449 1990 493 70
2029 460 2091 492 ss.
2133 450 2286 505 ibique
2327 450 2533 506 diximus,

279 517 527 574 Keplerum
557 514 660 559 inde
691 513 747 558 ab
781 527 833 557 eo
864 518 1068 569 tempore
1101 512 1466 569 chronologicam
1508 513 1819 568 quaestionem
1859 526 1950 556 non
1981 513 2174 570 amplius
2206 516 2423 572 tetigisse.
2481 517 2536 561 In

275 583 404 629 libris
434 595 539 627 vero
571 593 705 623 manu
727 579 913 635 Kepleri
935 579 1128 634 scriptis,
1164 591 1278 634 quos
1299 583 1406 633 post
1427 578 1596 625 editum
1618 579 1704 623 vol.
1729 579 1805 624 IV.
1828 578 2120 637 inspeximuS‚
2152 582 2266 626 haec
2289 582 2346 626 ad
2366 583 2534 626 Maest-

277 648 357 693 lini
386 646 727 703 responsionem
758 644 1032 701 pertinentia
1063 648 1326 688 occurrunt:

452 717 529 766 Ad
568 716 692 765 hanc
732 731 888 765 meam
917 717 1329 778 computationem
1354 714 1645 764 Maestlinus
1683 730 1849 764 mense
1882 714 2042 777 Aprili
2066 715 2341 778 respondit,
2381 717 2534 766 multo

282 794 438 842 minus
478 791 571 839 sibi
610 789 834 837 satisfieri
874 802 1021 850 quam
1061 793 1223 836 antea.
1303 786 1484 850 Objicit
1524 790 1576 850 1)
1617 788 1813 836 alterari
1849 802 2076 836 numeros
2109 789 2347 850 judicum.
2400 790 2538 839 Haec

287 865 498 928 objectio
537 862 671 910 nulla
712 869 800 913 est.
876 861 1051 910 Melior
1091 867 1165 910 est
1202 875 1312 909 mea
1352 875 1514 910 causa.
1567 860 1810 924 Jephthas
1852 863 2055 910 vicinior
2093 861 2185 909 suit
2221 862 2292 909 illi
2332 865 2536 926 tempori

279 938 426 1000 idque
463 937 728 985 rectissime
769 936 1036 997 computari
1084 939 1291 997 poterat.
1368 934 1435 982 At
1473 936 1520 981 in
1571 935 1943 997 particularibus
1992 936 2203 982 numeris
2253 939 2396 983 errari
2444 951 2538 999 po-

278 1017 386 1062 test.
447 1009 628 1057 Postea
667 1007 954 1068 videbimus,
993 1021 1057 1055 au
1097 1006 1343 1055 conciliari
1383 1021 1549 1056 omnes
1589 1014 1636 1056 et
1675 1007 1919 1069 quomodo
1957 1007 2228 1069 possintfl)
2307 1010 2362 1070 2)
2390 1009 2538 1071 Dicit,

281 1087 331 1132 in
369 1081 598 1131 Hebraeo
638 1095 843 1130 errorem
883 1095 980 1128 non
1020 1095 1126 1129 esse
1166 1081 1470 1142 scriptionis3
1512 1085 1616 1128 esto
1657 1095 1768 1141 ergo
1809 1082 2210 1142 computationiS,
2251 1088 2336 1129 aut
2376 1082 2537 1131 nullus

283 1151 573 1222 potius.··'⁶÷÷)
653 1154 704 1217 3)
741 1154 935 1202 Priores
976 1159 1066 1213 40,
1122 1158 1187 1201 80
1228 1159 1319 1202 etc.
1373 1153 1610 1216 corrigere
1658 1153 1829 1201 durum
1883 1168 2010 1213 esse,
2067 1156 2382 1215 posteriorem
2433 1161 2536 1204 300

280 1227 544 1280 admodum
583 1225 894 1292 tutun1,÷÷÷÷÷÷)
967 1226 1150 1275 Verum
1199 1227 1303 1288 ejus
1353 1225 1870 1290 explicatioflabsurda
1910 1233 2005 1286 est,
2059 1228 2198 1288 quasi
2236 1226 2418 1289 Jephtc
2457 1229 2536 1277 lo·-

283 1308 460 1366 quatur
497 1315 593 1348 non
634 1300 693 1349 de
734 1301 963 1349 continuo
1005 1306 1234 1362 tempore,
1275 1298 1360 1347 sed
1399 1299 1460 1347 de
1497 1299 1748 1361 particulis
1787 1299 2004 1360 (disertis
2044 1299 2206 1348 verbis
2233 1315 2263 1347 a
2288 1315 2454 1363 pugna
2491 1308 2540 1350 et

283 1375 434 1425 caede
472 1374 669 1423 Sihonis
706 1375 988 1435 auspicatur
1024 1387 1164 1421 suam
1204 1372 1663 1434 computationem),
1718 1374 1909 1421 omittat
1960 1387 2018 1420 ea
2064 1379 2306 1434 tempora,
2359 1375 2537 1435 quibus

282 1447 467 1498 bellum
504 1447 610 1495 fuit.
688 1446 828 1495 Haec
866 1448 1014 1509 igitur
1053 1446 1221 1508 objicit
1262 1447 1362 1493 300
1406 1446 1560 1494 anniS.
1637 1444 1918 1505 Videamus,
1961 1459 2024 1493 an
2064 1445 2312 1494 conciliari
2350 1449 2539 1509 possint

280 1522 468 1570 numeri
507 1533 688 1568 omnes.
762 1518 962 1568 Numeri
1000 1525 1134 1566 sunt:
1193 1524 1218 1566 7
1261 1531 1416 1580 usque
1455 1517 1518 1566 ad
1558 1517 1848 1567 divisionem
1888 1527 2071 1577 terrae,
2113 1523 2159 1578 8,
2204 1523 2285 1578 40,
2333 1524 2412 1579 18,
2455 1525 2539 1581 80,

283 1600 366 1655 20,
409 1598 491 1653 40,
535 1599 580 1653 7,
623 1596 705 1651 40,
748 1597 794 1651 3,
837 1597 920 1651 23,
963 1596 1045 1651 22,
1091 1592 1170 1642 18.
1234 1591 1401 1648 Vides,
1443 1604 1539 1653 quo
1578 1594 1777 1657 propius
1817 1591 1880 1639 ad
1919 1597 2138 1653 tempora
2164 1590 2412 1654 Jephthae
2446 1608 2539 1642 ac·-

282 1666 512 1726 cedimuS,
551 1664 829 1713 subtiliores
870 1665 1235 1725 annotationes;
1291 1663 1582 1726 colligimuS,
1623 1665 1713 1712 sub
1753 1663 1972 1727 Jephtha
2010 1666 2423 1726 computationem
2462 1667 2540 1714 in-

281 1741 501 1790 stitutam
539 1752 671 1796 esse,
721 1753 847 1800 quae
896 1743 1010 1785 ante
1059 1736 1195 1784 illurn
1232 1736 1587 1800 negligebatur.
1665 1736 1866 1786 Summa
1911 1738 2181 1800 positorum
2232 1753 2540 1788 numerorum

286 1818 387 1863 326
441 1813 545 1860 sine
594 1811 744 1858 hiatu.
819 1809 1099 1858 Notandum
1149 1816 1334 1869 autem,
1389 1807 1700 1859 Othonielem
1745 1812 1924 1859 vixisse
1975 1825 2083 1859 cum
2127 1809 2288 1859 Josua
2337 1817 2384 1861 et
2429 1818 2542 1874 post

283 1886 422 1935 illum
472 1882 732 1947 judicasse.
819 1883 930 1932 Non
985 1888 1058 1931 est
1107 1884 1272 1944 itaque
1330 1889 1430 1931 tam
1478 1882 1678 1944 longum
1724 1882 1845 1931 illud
1894 1890 2098 1946 tempus.
2180 1883 2308 1932 Hinc
2356 1884 2542 1947 placuit
2626 1918 2631 1925 -

290 1956 628 2018 GenebrardO,
669 1956 779 2005 illos
821 1961 886 2004 40
928 1970 1103 2016 annos,
1144 1958 1227 2017 qui
1265 1955 1356 2004 sub
1398 1953 1655 2005 Othoniele
1694 1957 2027 2015 nominantur,
2069 1956 2325 2007 extendere
2364 1958 2425 2007 ab
2464 1959 2543 2005 in·-

285 2045 456 2096 gressu
493 2032 540 2078 in
581 2035 789 2078 mortem
821 2027 1126 2088 OthonieliS,
1178 2033 1233 2076 ut
1271 2027 1739 2091 comprehendantur
1789 2044 1956 2078 eorum
2006 2031 2145 2078 initio
2188 2036 2214 2078 7
2256 2031 2371 2079 anni
2411 2031 2543 2080 divi·
2624 2052 2638 2068 -·

2633 410 2652 448 ἰ’

286 2105 453 2165 sionis,
493 2103 588 2152 tine
629 2106 656 2151 8
693 2102 802 2165 jugi
839 2101 1227 2165 Mesopotamici.
1303 2100 1574 2150 Residuum
1613 2101 1671 2151 de
1713 2107 1778 2151 40
1820 2108 1893 2152 est
1934 2106 2028 2162 25,
2085 2108 2249 2151 tantus
2303 2118 2415 2166 ergo
2457 2104 2540 2154 ille

288 2179 480 2239 hiatus3
518 2176 774 2224 restabunt
813 2179 932 2236 311,
973 2189 1095 2237 quos
1134 2173 1355 2236 Jephtha
1396 2179 1499 2224 300
1540 2174 1671 2223 dicit.
1737 2174 1813 2223 An
1852 2177 2063 2238 respexit
2087 2175 2307 2239 Jephtha
2345 2176 2408 2226 ad
2435 2179 2541 2226 cxi-
2622 2175 2638 2235 ζ»,

287 2258 390 2301 tum
429 2265 487 2299 ex
513 2250 754 2312 Aegypte,
796 2263 854 2296 ex
894 2262 990 2310 quo
1030 2261 1157 2296 anno
1196 2248 1434 2297 fluxerant
1474 2248 1616 2298 306?
1670 2246 1862 2311 Objicio
1889 2249 2021 2309 mihi,
2062 2263 2158 2297 nou
2198 2263 2343 2311 posse
2383 2252 2542 2299 servi-

287 2330 441 2373 tutem
480 2321 543 2371 ad
579 2328 859 2384 sequentem
888 2324 1100 2383 quietem
1127 2320 1303 2381 referri,
1343 2334 1455 2368 nam
1483 2320 1589 2370 Iud.
1617 2327 1663 2382 3,
1697 2327 1787 2371 30:
1832 2323 2052 2384 „quievit
2078 2338 2108 2370 a
2136 2321 2384 2385 proeliis“.
2424 2323 2541 2372 Jam

287 2398 405 2460 quia
440 2401 553 2459 post
603 2401 806 2443 mortem
843 2394 1029 2443 Josuae
1083 2393 1212 2443 bella
1262 2401 1517 2455 gesserunt
1552 2394 1834 2455 Israelitae,
1886 2396 2025 2457 quies
2070 2409 2177 2445 esse
2227 2410 2323 2443 non
2363 2399 2540 2459 potuit.
2622 2435 2634 2467 ¹.

289 2470 468 2518 Hiatus
508 2470 653 2530 igitur
692 2475 766 2516 est
804 2483 833 2516 a
874 2468 1114 2516 divisione
1152 2472 1306 2515 terrae
1346 2482 1500 2529 usque
1539 2468 1601 2515 ad
1640 2469 1928 2531 principium
1968 2465 2215 2517 servitutis
2252 2469 2542 2533 Mesopota-e

290 2545 462 2603 micae,
503 2540 612 2589 inde
652 2545 680 2589 8
723 2542 836 2589 anni
874 2555 1030 2603 usque
1063 2539 1125 2588 ad
1152 2555 1366 2603 pugnam
1394 2538 1682 2601 othonielis,
1723 2541 1835 2601 inde
1875 2546 1941 2590 40
1967 2542 2080 2590 anni
2119 2556 2274 2603 usque
2314 2542 2375 2590 ad
2413 2557 2543 2606 pug-
2615 2531 2631 2549 ⁴

290 2631 418 2677 nam,
458 2616 508 2661 in
535 2628 633 2676 qua
659 2614 775 2662 victi
803 2619 916 2661 sunt
940 2628 970 2660 a
994 2613 1245 2671 MoabitiS,
1285 2613 1590 2674 AmmonitiS,
1636 2613 1938 2675 AmalekitiS,
1979 2620 2027 2663 et
2065 2615 2311 2665 civitatem
2337 2615 2541 2665 Palma-

285 2704 391 2737 rum
430 2688 708 2736 amiserunt.
781 2685 900 2734 Inde
944 2687 1007 2734 18
1048 2687 1163 2734 anni
1200 2687 1290 2735 sub
1330 2686 1548 2747 Eglone3
1599 2692 1712 2736 tunc
1763 2687 1892 2736 facta
1929 2702 2094 2749 pugna
2143 2689 2261 2737 victi
2313 2694 2361 2737 et
2408 2691 2539 2738 caesi
2623 2735 2625 2738 ,

291 2761 557 2821 Moabitae,
597 2757 709 2807 inde
749 2759 886 2822 quies
913 2773 943 2807 a
967 2757 1164 2820 proeliis
1203 2763 1269 2806 80
1311 2761 1475 2821 annis3
1516 2759 1673 2807 ultimi
1713 2765 1778 2808 20
1818 2761 1931 2807 anni
1974 2759 2031 2808 de
2069 2761 2145 2808 his
2187 2765 2252 2810 80
2293 2768 2406 2810 sunt
2446 2762 2537 2811 sub
2619 2807 2622 2811 .

288 2835 522 2884 servitute
560 2831 756 2881 Jabinis
796 2831 1042 2880 Cananaei
1048 2865 1265 2880 ......
1327 2830 1613 2894 Colligimus
1655 2837 1755 2881 299
1798 2845 1950 2881 annos
1990 2838 2038 2882 et
2075 2833 2279 2884 totidem
2317 2839 2540 2884 numerat
2619 2869 2627 2889 .

292 2906 548 2970 Jephthes.
608 2903 674 2953 Ut
710 2906 858 2967 igitur
893 2904 1223 2966 relinquamus
1262 2903 1447 2951 hiatum
1485 2906 1609 2952 inter
1648 2904 1935 2954 divisionem
1975 2911 2131 2956 terrae
2171 2915 2218 2955 et
2256 2910 2539 2958 servitutem
2617 2941 2622 2946 ‚

293 2977 756 3045 Chusanrisatzaimj,
797 2978 1040 3041 patiamur
1078 2978 1224 3025 etiam
1260 2976 1457 3024 ultimos
1499 2979 1564 3026 28
1605 2992 1758 3026 annos
1797 2978 1890 3026 sub
1928 2978 2068 3028 Jairo
2108 2982 2325 3032 transire.

461 3103 508 3160 ²⁸)
540 3106 870 3147 Maestlinus
908 3107 1097 3158 scripsit:
1148 3107 1275 3145 Istam
1319 3107 1404 3147 300
1445 3118 1646 3146 annorum
1685 3107 1887 3159 Jephthes
1932 3122 2024 3148 cum
2062 3111 2148 3150 480
2199 3110 2537 3151 conciliationem
2613 3113 2615 3115 ’

288 3165 387 3217 (vol.
419 3165 493 3209 IV.
528 3167 598 3209 70.
633 3167 701 3214 71)
739 3168 968 3219 approbare
1007 3176 1092 3203 non
1130 3176 1316 3216 possum.
1377 3164 1543 3204 Etenim
1584 3166 1694 3216 quod
1741 3166 1963 3207 nonnullos
2004 3169 2046 3206 in
2086 3167 2194 3208 libro
2231 3171 2421 3210 Indicum
2452 3181 2534 3208 nu-

294 3237 428 3265 meros
460 3228 673 3277 suspectos
703 3226 843 3276 habes,
874 3229 922 3264 ut
950 3225 1107 3276 primos
1137 3225 1194 3264 40
1227 3227 1267 3262 et
1298 3225 1368 3275 80,
1400 3225 1436 3262 si
1467 3236 1526 3267 sc.
1560 3223 1661 3263 alter
1690 3226 1813 3264 alteri
1842 3225 2029 3266 inclusus
2061 3239 2148 3267 csse
2170 3227 2329 3283 debeat,
2362 3232 2434 3268 aut
2454 3240 2531 3281 pro

294 3286 351 3325 80
380 3283 601 3332 legendum
631 3285 682 3337 8,
725 3284 968 3336 respondeo,
1022 3286 1128 3321 certe
1169 3294 1215 3322 eo
1254 3283 1423 3334 prolabi
1464 3294 1547 3321 non
1578 3284 1726 3327 audeo.
1788 3283 1832 3324 Si
1865 3286 1974 3324 enim
2004 3297 2134 3325 unum
2163 3287 2311 3325 horum
2341 3298 2533 3326 numero-

289 3354 380 3382 rum
412 3346 648 3394 suspectum
687 3342 860 3395 faciam,
902 3353 1029 3395 quare
1071 3353 1154 3380 non
1198 3342 1321 3380 etiam
1366 3339 1569 3380 alterum?
1628 3343 1681 3380 Et
1721 3354 1850 3394 quare
1889 3344 1998 3383 hunc
2042 3346 2183 3396 potius
2223 3357 2349 3398 quam
2380 3344 2533 3385 illum?

289 3401 451 3452 Quodsi
481 3402 648 3440 omnino
680 3401 743 3439 ita
774 3400 908 3439 dicere
938 3401 1099 3452 liberet,
1132 3400 1234 3438 mihi
1263 3401 1403 3451 potius
1435 3411 1636 3438 annorum
1669 3402 1753 3440 300
1787 3413 1981 3440 numerus
2011 3400 2127 3442 fieret
2157 3407 2389 3455 suspectus.

462 3457 520 3506 **)
550 3457 640 3508 Ego
673 3457 722 3497 de
751 3459 816 3497 his
847 3458 1028 3498 numeris
1058 3458 1274 3497 hebraicae
1304 3459 1471 3507 linguae
1501 3459 1656 3510 peritos
1690 3460 1900 3510 consului,
1942 3462 2015 3512 qui
2046 3461 2097 3499 ad
2129 3459 2294 3502 oculum
2325 3466 2531 3502 monstra-

294 3521 392 3557 runt
422 3518 538 3567 mihi,
568 3518 644 3557 hos
673 3527 866 3556 numeros
897 3516 970 3570 40,
1001 3517 1069 3567 80,
1104 3518 1203 3564 300,
1234 3517 1320 3557 480
1353 3520 1431 3559 etc.
1462 3517 1582 3555 aliter
1611 3519 1715 3556 verti
1745 3530 1828 3557 non
1859 3531 1996 3570 posse.

461 3574 544 3622 ²³‘**)
574 3575 724 3628 Vides,
756 3587 970 3615 numerum
1003 3575 1087 3616 300
1118 3587 1318 3614 annorum
1348 3575 1517 3614 retineri
1546 3586 1812 3626 nequaquam
1840 3589 1986 3629 posse,
2028 3578 2113 3616 nisi
2143 3577 2210 3617 vel
2239 3579 2532 3631 praecedentes

296 3635 572 3687 corrigantur,
613 3631 680 3673 vel
708 3633 800 3685 ipse
829 3633 1058 3684 generalius
1093 3637 1132 3672 et
1162 3635 1336 3673 crassius
1379 3637 1538 3672 sumtus
1570 3635 1813 3684 accipiatur.
1874 3637 1931 3675 At
1958 3637 2119 3688 priores
2150 3639 2353 3687 corrigere
2385 3639 2566 3677 durumm

292 3693 396 3731 mihi
428 3696 511 3745 est,
553 3691 760 3744 posterius
789 3691 1013 3731 admodum
1044 3695 1178 3730 tutum
1211 3692 1315 3731 mihi
1344 3692 1528 3742 videtur,
1572 3693 1690 3742 quasi
1720 3693 1874 3733 dIceret
1902 3692 2105 3746 Jephthe:
2153 3698 2264 3749 „jam
2294 3709 2368 3748 per
2400 3707 2531 3735 annos

294 3752 378 3791 300
407 3750 561 3789 fuimus
590 3752 635 3790 in
664 3752 926 3802 possessione
956 3747 1140 3803 quieta“,
1174 3750 1252 3789 hoc
1284 3753 1345 3789 est
1376 3751 1484 3803 „etsi
1513 3761 1657 3802 annos>
1691 3752 1843 3802 quibus
1874 3753 1970 3791 aliis
1993 3754 2251 3805 servivimus,
2283 3766 2365 3794 non
2396 3765 2526 3793 annu-

293 3820 463 3858 merem,
505 3810 692 3860 quamvis
722 3820 798 3848 nec
826 3812 939 3861 tum,
980 3821 1073 3848 cum
1104 3805 1312 3848 tributarii
1351 3820 1552 3859 essemus,
1591 3819 1642 3846 ex
1674 3809 1818 3849 eadem
1848 3813 1954 3850 terra
1985 3811 2213 3866 quisquam
2244 3823 2320 3854 nos
2351 3813 2528 3864 ejecerit,

295 3869 367 3907 aut
395 3877 561 3908 suorum
589 3869 788 3918 majorum
819 3870 967 3909 terram
995 3870 1088 3918 jure
1117 3866 1220 3908 belli
1250 3879 1274 3906 a
1301 3868 1422 3907 nobis
1456 3869 1698 3920 occupatam
1726 3867 2010 3920 repetiverit.“
