2652 4088
643 161 698 211 In
726 159 914 211 Librum
943 159 1176 213 Plutarchi
1205 161 1263 211 de
1291 159 1428 211 Facie
1456 162 1504 210 in
1534 162 1652 212 Orbe
1681 159 1853 210 Lunae.
2262 161 2368 220 109

42 335 46 339 -
119 309 408 358 dextrorsum
438 311 548 369 (non
579 312 854 370 extrorsum)
885 321 1027 367 versa,
1061 315 1107 356 et
1137 316 1243 356 sunt
1271 311 1390 357 inter
1420 322 1470 356 se
1501 322 1766 367 conversae,
1798 309 1916 355 sicut
1942 309 2045 367 ipsa
2076 307 2261 367 specula
2292 309 2371 354 EC

121 381 169 422 et
195 376 290 431 LV,
320 382 373 422 ut
402 390 509 435 pars
538 377 618 423 uni
649 378 810 423 dextra
840 377 900 422 sit
931 390 957 422 e
987 376 1170 432 regione
1203 378 1412 424 sinistrae
1434 376 1634 434 alterius,
1666 376 1850 422 sinistra
1871 376 1978 422 huic
1999 389 2024 422 e
2045 375 2228 432 regione
2249 373 2372 420 illius

117 441 319 487 dextrae.
372 444 677 490 Posteriorum
707 456 814 488 vero
844 443 990 489 latera
1020 443 1213 501 (dextra)
1244 445 1418 490 habent
1446 449 1492 489 et
1521 443 1783 488 dextrorum
1813 444 2026 498 speciem.
2076 442 2138 487 Et
2156 441 2244 487 hae
2266 445 2372 486 sunt

113 507 211 562 jam
243 508 528 554 obscuriores
560 514 606 552 et
637 514 859 566 apparent
891 522 981 555 una
1012 522 1114 554 cum
1144 509 1337 566 imagine
1360 509 1536 567 speculi
1557 508 1749 564 adversi,
1782 507 1922 552 veluti
1942 507 1988 551 in
2010 507 2108 564 ejus
2129 506 2370 565 profundo.

117 573 181 618 Et
200 573 315 620 haec
345 575 519 632 speculi
541 575 718 620 adversi
738 575 819 620 LV
848 576 995 631 imago
1026 575 1168 621 in'EC
1189 576 1314 632 facit,
1347 583 1399 621 ut
1419 576 1498 621 EC
1530 574 1764 632 speculum
1796 579 2015 631 appareat
2036 574 2164 631 quasi
2188 573 2371 630 duplex,

117 638 184 684 sic
215 640 347 685 etiam
378 641 473 686 LV.
536 641 712 694 Tertio,
752 643 791 686 si
819 642 962 699 magis
993 641 1270 688 inclinentur
1301 640 1489 700 specula
1519 641 1575 686 ad
1607 654 1656 686 86
1685 639 1898 696 invicem,
1932 639 2029 696 ,iam
2058 640 2105 685 in
2135 639 2235 696 ipsa
2264 638 2370 683 ima-

2 699 33 762 'J
118 705 223 762 gine
255 706 428 763 speculi
457 707 551 764 LV,
584 721 702 763 quae
731 709 908 754 videtur
936 710 1060 754 intus
1090 708 1136 752 in
1161 708 1252 767 EC,
1287 708 1429 753 oritur
1458 706 1746 763 imaguncula
1778 706 1951 763 speculi
1982 707 2061 751 EC
2092 711 2138 751 et
2169 706 2233 751 sic
2263 706 2370 750 ima-

117 771 315 826 guncula
345 773 411 816 rei
439 773 487 818 in
514 786 565 817 re
595 773 710 829 ipsa
751 774 814 819 Et
841 775 887 818 in
916 773 1002 818 hac
1023 773 1313 830 imaguncula
1344 772 1519 847 speculi
1540 778 1730 830 apparet
1761 773 1897 817 etiam
1917 771 2204 829 imaguncula
2225 772 2371 829 faciei,

116 835 250 881 valde
282 837 473 883 obscura
504 844 550 883 et
581 839 825 895 profunda.
883 840 947 884 Et
977 840 1093 884 haec
1123 839 1245 884 tertii
1277 838 1444 896 gradus
1474 838 1622 893 imago
1652 851 1831 883 rursum
1861 837 2001 882 habet
2031 838 2212 883 sinistra
2240 837 2372 884 faciei

122 902 406 949 dextrorsum
438 918 582 950 versa
633 906 862 953 Fortassis
892 907 1030 965 igitur
1059 905 1186 963 loqui
1215 905 1359 950 voluit
1379 903 1651 967 Plutarchus
1684 903 1740 948 de
1772 903 1982 949 secundis
2014 910 2060 950 et
2089 905 2235 951 tertiis
2265 905 2373 950 ima-

118 969 320 1026 ginibus,
354 970 636 1016 hallucinans
668 985 774 1017 vero
806 972 986 1017 locutus
1018 977 1090 1017 est
1123 971 1179 1015 de
1209 970 1365 1028 primis
1398 974 1443 1014 61
1474 970 1701 1016 secundis.

290 1035 363 1080 26.
392 1037 519 1081 Haec
559 1050 616 1082 ex
654 1037 793 1094 paulo
834 1038 1144 1095 superioribus
1183 1049 1420 1093 perperam
1450 1035 1644 1092 repetita
1676 1040 1720 1080 et
1750 1035 1824 1080 hic
1853 1036 1954 1081 loco
1985 1036 2132 1083 alieno
2174 1043 2280 1085 sunt
2307 1038 2373 1083 in-

122 1105 264 1158 serta3
297 1100 461 1157 quibus
494 1103 736 1160 expunctis
768 1103 1011 1160 sequentia
1039 1102 1286 1148 cohaerent
1315 1115 1418 1146 cum
1447 1101 1836 1147 antecedentibus.

291 1167 362 1212 27.
393 1167 524 1212 Plato
557 1169 794 1226 supponit,
835 1168 1024 1225 specula
1053 1169 1247 1225 primum
1273 1167 1428 1223 jacere
1466 1167 1513 1210 in
1545 1167 1724 1224 tabula,
1766 1169 1978 1225 contigua
2015 1169 2231 1227 invicem,
2274 1174 2373 1214 tan—

121 1247 257 1290 quam
286 1234 390 1279 libri
420 1237 566 1293 aperti
597 1237 741 1282 codex
772 1242 988 1294 uterque,
1023 1243 1069 1281 et
1099 1241 1401 1293 spectatorem
1432 1234 1627 1291 desuper
1657 1235 1904 1292 inspicere;
1946 1233 2107 1278 deinde
2140 1235 2374 1292 speculum

118 1307 359 1360 utrumque
398 1302 542 1350 latere
574 1305 786 1351 exteriori
825 1305 1107 1362 aliquantum
1146 1305 1315 1362 elevat,
1357 1302 1458 1348 1000
1498 1303 1788 1348 manentibus
1828 1300 2048 1346 lateribus
2085 1301 2373 1347 interioribus

118 1368 355 1426 contiguis.

290 1435 363 1480 28.
394 1436 535 1481 Ludit
574 1438 960 1495 aequivocatione.
1020 1439 1088 1483 De
1120 1437 1209 1482 hoc
1239 1442 1309 1482 est
1342 1434 1573 1493 quaestio,
1617 1440 1770 1480 utrum
1802 1434 1997 1493 angulus
2026 1434 2297 1481 incidentiae
2327 1434 2375 1478 in

117 1512 209 1544 una
238 1500 392 1558 aliqua
423 1502 692 1550 refractione
723 1505 782 1550 sit
812 1503 1013 1562 aequalis
1046 1502 1212 1559 angulo
1244 1501 1520 1548 reflexionis.
1573 1500 1635 1547 At
1662 1501 1738 1548 hic
1768 1501 1939 1547 Lucius
1969 1501 2015 1545 in
2047 1501 2180 1545 aliam
2211 1513 2376 1557 aequa-

115 1564 287 1612 litatem
321 1569 528 1626 erumpit,
563 1571 695 1626 quasi
723 1571 812 1616 hoc
844 1572 1046 1616 dicerent
1075 1569 1399 1627 mathematici,
1434 1580 1590 1614 omnes
1620 1567 1919 1614 reflexionum
1944 1567 2135 1625 angulos
2169 1567 2376 1612 omnibus

117 1643 217 1676 esse
249 1636 479 1690 aequales.
539 1636 753 1682 Minime:
795 1638 929 1682 unius
970 1637 1087 1683 enim
1128 1635 1262 1682 faciei
1300 1635 1412 1680 visio
1444 1634 1498 1679 fit
1529 1639 1574 1679 et
1604 1634 1804 1692 simplici
1836 1646 2110 1691 repercussu
2149 1645 2206 1677 ex
2247 1638 2372 1679 recto

116 1698 281 1753 angulo
311 1701 357 1744 in
387 1709 583 1761 rectum,
616 1703 669 1748 fit
701 1709 747 1748 et
777 1703 1005 1760 geminata
1037 1703 1383 1760 repercussione
1416 1715 1474 1748 ex
1503 1716 1593 1747 uno
1626 1700 1812 1758 speculo
1844 1700 1892 1745 in
1921 1699 2042 1745 aliud
2074 1699 2268 1756 obliquis
2299 1713 2375 1745 an-

116 1763 234 1819 gulis
264 1771 311 1810 et
349 1767 414 1813 sic
444 1769 624 1814 demum
662 1769 709 1813 in
741 1770 929 1826 faciem3
961 1775 1009 1815 at
1042 1771 1177 1815 etiam
1207 1769 1255 1813 in
1284 1769 1374 1813 hac
1404 1767 1631 1824 geminata
1662 1767 2004 1825 repercussione
2027 1779 2206 1822 semper
2237 1780 2375 1823 angu-

16 1879 19 1886 7
116 1828 189 1874 lus
220 1831 493 1880 incidentiae
524 1840 595 1881 est
624 1836 828 1892 aequalis
859 1837 1026 1894 angulo
1067 1835 1426 1894 repercussionis
1460 1835 1506 1879 in
1537 1840 1733 1891 utroque
1767 1834 1966 1892 speculo.
2028 1834 2235 1890 Denique
2264 1834 2379 1878 haec

16 1901 18 1905 ’
47 1949 50 1951 Ὗ
117 1908 292 1943 summa
322 1906 416 1955 est,
461 1901 630 1947 Lucius
661 1916 861 1948 errorem
892 1903 1146 1960 argumenti
1176 1902 1357 1947 hostilis
1399 1914 1553 1947 errore
1584 1901 1673 1946 alio
1703 1901 1892 1958 refutat,
1935 1900 2220 1946 adversarius
2252 1898 2377 1956 Sylla

18 1979 19 1987 ¹
116 1963 290 2022 mulget
320 1965 511 2023 hircum,
545 1969 716 2014 Lucius
749 1970 943 2016 cribrum
975 1970 1203 2028 supponit.

288 2031 359 2077 29.
393 2035 518 2080 Haec
550 2039 620 2080 est
650 2037 787 2082 tertia
817 2039 992 2096 species
1024 2037 1161 2096 luciS,
1208 2052 1343 2094 quam
1374 2050 1459 2096 ego
1494 2035 1719 2094 appellavi
1755 2034 2173 2080 communicativam
2202 2033 2250 2077 in
2285 2030 2376 2088 Op—

119 2097 238 2143 ticis.
297 2099 361 2144 Et
390 2103 673 2150 verissimum
707 2110 797 2160 est,
840 2104 905 2148 sic
937 2105 1112 2149 Lunam
1142 2105 1378 2149 reflectere
1407 2103 1560 2149 radios
1593 2102 1733 2156 Solis,
1775 2106 1826 2146 ut
1857 2114 1934 2146 608
1965 2098 2159 2145 reflectit
2191 2097 2378 2155 quilibet

20 2178 22 2228 ξ
51 2223 54 2227 Δ
115 2164 266 2220 paries
297 2179 325 2211 a
354 2166 461 2214 Sole
490 2169 763 2227 illustratus,
805 2170 1117 2216 orbiculariter
1147 2169 1340 2227 scilicet,
1384 2169 1471 2215 etsi
1500 2169 1652 2214 lumen
1685 2167 1802 2214 Solis
1841 2169 1898 2214 ab
1943 2181 2036 2213 una
2066 2166 2212 2212 solum
2241 2163 2377 2222 plaga

115 2228 341 2277 allabitur.

21 2298 24 2307 ’
293 2301 362 2346 30.
396 2301 523 2346 Haec
552 2302 722 2348 nullius
753 2304 889 2360 pretii
919 2309 989 2349 est
1019 2302 1274 2359 excusatio,
1317 2307 1365 2347 at
1401 2315 1549 2360 neque
1587 2299 1859 2347 necessaria.
1917 2300 2035 2346 Nam
2065 2299 2173 2357 quia
2204 2303 2376 2344 certum

113 2370 198 2422 est,
227 2367 404 2412 Lunam
432 2368 478 2412 in
508 2381 594 2414 sua
621 2369 764 2427 ipsius
796 2369 1032 2427 superficie
1065 2368 1319 2414 combibere
1348 2368 1502 2415 lumen
1531 2368 1713 2414 radians
1745 2367 2081 2425 orbiculariter,
2114 2365 2227 2412 nihil
2258 2377 2373 2424 opus

26 2453 29 2467 ν
115 2436 200 2489 681,
231 2431 343 2477 111οᾶ
373 2434 420 2478 in
449 2433 720 2481 intermedio
752 2435 931 2480 demum
961 2435 1084 2480 varie
1114 2433 1408 2481 reverberari.

289 2498 362 2546 31.
397 2499 523 2546 Sicut
551 2501 597 2544 in
628 2502 858 2547 schemate
890 2502 948 2558 (4)
980 2501 1091 2546 visio
1122 2500 1175 2545 fit
1203 2500 1342 2545 radiis
1372 2499 1506 2544 faciei
1538 2499 1624 2555 OS,
1657 2500 1747 2559 SP,
1778 2500 1854 2546 ΡΟ
1886 2500 2172 2578 compositis,
2215 2498 2378 2557 quibus

117 2562 258 2611 facies
288 2565 437 2610 radiat
466 2566 512 2610 in
545 2581 674 2612 suum
703 2568 847 2625 ipsius
881 2568 1074 2613 oculum.

292 2631 361 2677 32.
392 2634 494 2679 Non
527 2634 660 2679 facile
703 2639 773 2679 est
801 2646 858 2679 ex
889 2639 981 2678 tam
1014 2632 1171 2691 paucis
1202 2632 1352 2677 verbis
1393 2632 1547 2677 venari
1585 2638 1781 2679 mentem
1811 2633 1954 2678 Lucii.
2015 2634 2089 2677 Ex
2118 2633 2173 2679 118
2203 2638 2375 2688 tamen,

29 2735 32 2766 ,
117 2709 234 2753 quae
253 2697 300 2743 in
320 2712 458 2744 causa
477 2707 727 2756 versantur,
758 2700 964 2757 conjicio,
985 2700 1072 2743 hoc
1091 2698 1218 2742 illum
1239 2697 1373 2755 velle,
1406 2697 1527 2754 quod
1554 2712 1692 2756 supra
1714 2699 1817 2755 (not.
1841 2702 1928 2757 20.)
1960 2699 2101 2756 tetigi,
2135 2703 2261 2745 ratus
2294 2697 2371 2744 ad-

30 2774 33 2806 :
118 2764 365 2808 versarium
404 2766 534 2811 Lucii
573 2766 739 2823 Syllam
779 2766 955 2811 felicius
993 2769 1298 2822 pugnaturum
1337 2764 1498 2818 fuisse,
1541 2765 1580 2810 si
1611 2767 1793 2811 modum
1830 2766 2090 2812 reflexionis
2124 2765 2372 2823 specularis

31 2873 34 2892 ι
119 2828 312 2874 alienum
334 2844 435 2876 esse
456 2833 749 2878 contenderet
765 2847 792 2878 a
807 2832 1026 2889 phasibus
1047 2831 1325 2877 illuminatae
1346 2831 1521 2878 Lunae.
1562 2831 1700 2889 Atqui
1722 2833 1795 2879 hic
1817 2833 1985 2878 Lucius
2013 2832 2105 2889 jam
2136 2832 2183 2876 id
2213 2832 2374 2888 ipsum,

119 2899 172 2938 ut
199 2894 390 2952 videtur,
422 2905 625 2954 usurpat,
658 2903 709 2943 ut
740 2911 793 2943 eo
826 2898 1048 2953 obtineat,
1094 2897 1251 2942 saltem
1284 2897 1460 2953 aliquos
1492 2896 1608 2942 Solis
1639 2898 1791 2944 radios
1823 2913 1849 2944 a
1879 2900 2010 2943 Luna
2038 2897 2212 2944 reflecti
2242 2908 2377 2954 posse

119 2959 167 3004 in
197 2961 403 3018 Terram,
448 2964 625 3009 etiamsi
652 2965 785 3010 Luna
830 2970 1057 3010 statuatur
1100 2977 1198 3008 esse
1243 2963 1492 3020 speculum.
1557 2965 1666 3009 Cum
1700 2966 1818 3010 enim
1848 2965 2060 3020 dixerim,
2093 2977 2269 3020 semper
2301 2961 2379 3007 ali-

120 3028 242 3085 quod
272 3029 460 3085 reperiri
492 3036 709 3088 punctum
740 3031 787 3075 in
819 3029 953 3086 globo
986 3029 1232 3088 speculari,
1274 3029 1319 3072 10
1352 3042 1440 3085 quo
1472 3030 1618 3086 possit
1646 3031 1875 3088 repercuti
1912 3029 2066 3075 radius
2097 3030 2164 3074 rei
2192 3027 2379 3074 visibilis
2421 3036 2423 3039 ⁴

120 3093 179 3139 ad
211 3094 390 3140 oculum
422 3097 694 3155 spectantis,
738 3096 850 3142 illud
894 3103 1017 3142 certe
1058 3102 1275 3154 punctum
1315 3101 1366 3140 ut
1397 3095 1639 3152 plurimum
1682 3096 1728 3141 in
1764 3103 1893 3154 parte
1924 3097 2081 3141 Lunae
2122 3108 2214 3140 non
2244 3093 2378 3151 plane

120 3159 329 3205 deorsum
360 3161 418 3206 ad
438 3175 520 3207 nos
543 3176 687 3220 versa,
721 3164 801 3209 sed
822 3176 978 3207 versus
1003 3163 1152 3207 Solem
1184 3161 1335 3206 inclini
1359 3162 1458 3207 erit.
1504 3161 1572 3206 Sit
1590 3163 1627 3208 T
1650 3161 1803 3220 Terra,
1838 3164 1874 3207 L
1897 3163 2042 3214 Luna,
2076 3161 2168 3205 MN
2185 3159 2377 3205 circulus

122 3224 222 3281 ejus
251 3225 603 3284 illuminationis,
637 3232 688 3271 ut
720 3228 797 3273 Sol
829 3229 899 3274 sitx
917 3229 963 3273 in
987 3228 1030 3280 S,
1063 3233 1108 3271 ct
1138 3228 1362 3284 producta
1392 3228 1484 3271 MN
1516 3234 1724 3273 occurrat
1754 3229 1799 3272 in
1824 3228 1875 3285 T,
1908 3227 2015 3285 quia
2043 3225 2177 3271 Luna
2206 3226 2379 3272 bisecta

52 3322 63 3329 ‚
119 3292 304 3349 ponitur
324 3292 369 3338 in
390 3294 697 3350 nonagesimo.
720 3298 829 3351 (Fig.
849 3298 907 3351 5.)
950 3295 1051 3340 Erit
1079 3295 1215 3350 igitur
1235 3293 1291 3338 ab
1313 3294 1356 3338 N
1377 3307 1534 3339 versus
1565 3295 1715 3340 Solem
1736 3298 1956 3352 punctum
1987 3292 2170 3348 aliquod
2200 3289 2377 3335 inclinis

122 3357 377 3414 superficiei
406 3359 484 3415 NI,
517 3360 637 3415 quod
667 3359 874 3405 reflectat
904 3359 1054 3404 radios
1087 3360 1117 3404 S
1148 3360 1194 3403 in
1216 3358 1267 3403 T.
1320 3358 1373 3403 Id
1404 3360 1468 3404 sic
1498 3360 1745 3405 invenitur:
1778 3366 1932 3404 centro
1964 3359 2003 3403 L
2033 3356 2270 3403 intervallo
2298 3355 2377 3401 LT

119 3423 342 3469 scribatur
362 3437 516 3475 arcus,
549 3438 708 3471 secans
729 3426 821 3478 LT,
855 3426 925 3470 LS
948 3426 993 3470 in
1015 3426 1065 3483 T,
1100 3426 1147 3481 C,
1181 3431 1228 3471 et
1251 3424 1478 3470 bisecetur
1508 3426 1583 3469 TC
1605 3426 1650 3469 in
1675 3426 1737 3481 D,
1772 3425 1997 3481 ductaque
2028 3423 2109 3467 LD
2142 3427 2264 3468 secet
2294 3421 2377 3467 cir-

123 3488 463 3534 cumferentiam
494 3490 586 3534 MN
619 3491 665 3535 in
696 3492 732 3535 Ι.
794 3491 894 3535 Hoc
926 3490 1011 3534 erit
1041 3496 1258 3547 punctum
1290 3490 1559 3547 quaesitum.
1623 3490 1946 3536 Subtendeuda
1979 3495 2049 3535 est
2077 3489 2215 3547 igitur
2245 3487 2377 3545 globo

124 3556 280 3601 Lunae
312 3556 574 3613 superficies
595 3558 686 3612 VB,
718 3563 909 3614 tangens
940 3556 1050 3601 illud
1082 3563 1299 3613 punctum
1330 3557 1373 3614 13
1405 3563 1450 3601 et
1480 3556 1524 3600 in
1555 3556 1641 3601 hac
1663 3555 1899 3612 superficie
1930 3560 2081 3601 erecta
2111 3554 2198 3600 alia
2219 3567 2377 3611 super-

124 3622 248 3667 ficies
278 3623 634 3679 repercussionis
659 3622 753 3668 TIS
785 3621 993 3667 ostendet
1022 3619 1237 3678 angulum
1267 3621 1534 3666 incidentiae
1555 3621 1659 3666 VIT
1689 3621 1923 3678 aequalem
1946 3620 2110 3676 angulo
2140 3633 2377 3678 repercus-

42 3688 43 3691 ’
125 3687 264 3733 sionis
295 3688 405 3742 BIC,
438 3688 513 3732 ubi
545 3689 687 3742 Luna,
723 3689 760 3733 si
793 3701 881 3732 non
912 3693 1055 3733 totum
1086 3688 1224 3732 totius
1255 3687 1450 3744 phaseos
1483 3687 1628 3732 lumen
1661 3702 1687 3733 a
1710 3686 1813 3732 Sole
1845 3692 2081 3744 acceptum
2111 3686 2169 3732 ad
2191 3687 2377 3732 Terram

125 3753 392 3810 repercutit,
438 3759 485 3797 at
516 3753 675 3798 saltem
717 3754 761 3798 in
801 3752 878 3799 illo
919 3759 1087 3811 puncto
1120 3753 1140 3797 1
1170 3753 1255 3797 hoc
1288 3752 1407 3798 facit.
1468 3754 1528 3798 At
1558 3767 1657 3798 cum
1699 3752 1959 3808 hujusmodi
1990 3756 2159 3810 puncta
2189 3751 2376 3797 diversis

125 3819 402 3876 temporibus
433 3818 610 3864 diversa
640 3824 686 3864 et
716 3821 780 3865 sic
800 3821 940 3865 multa
962 3825 1079 3877 sunt,
1111 3818 1253 3864 multa
1286 3819 1420 3864 etiam
1442 3831 1625 3864 suorum
1656 3818 1873 3863 luminum
1905 3832 1932 3864 a
1954 3819 2058 3865 Sole
2088 3824 2375 3876 acceptorum

46 3903 47 3907 ¹
124 3882 173 3930 in
200 3884 387 3931 Terram
418 3885 598 3933 dimittit
627 3887 774 3933 Luna.
834 3885 1084 3934 Subtensae
1113 3890 1266 3931 autem
1296 3897 1406 3931 voce
1437 3884 1590 3943 utitur,
1624 3885 1730 3942 quia
1761 3884 1886 3943 Sylla
1916 3884 2203 3931 adversarius
2225 3883 2374 3931 Solem
