2652 4088
810 156 959 206 Notae
988 155 1036 206 in
1066 157 1299 207 Somnium
1326 158 1708 209 Astronomicum.
2307 156 2378 222 63

120 304 317 353 reddidit
336 304 542 354 validius.
582 305 698 353 Vide
718 318 863 355 meam
885 316 988 353 cum
1017 307 1106 354 hoc
1135 307 1301 354 nuncio
1332 306 1709 354 Dissertationem
1738 306 1815 352 fol.
1841 309 1911 353 14.
1972 307 2036 355 Et
2063 308 2154 355 huc
2183 309 2383 367 pertinet

122 379 222 419 tota
251 373 459 432 epistola,
493 388 627 430 quam
658 373 953 432 appendicem
985 373 1073 421 feci
1103 375 1162 420 ad
1192 376 1282 421 hoc
1313 375 1556 430 Somnium,
1588 388 1690 421 cum
1723 373 2180 421 demonstrationibus
2210 376 2321 422 suis.

295 441 397 488 210.
431 441 556 497 Quos
587 441 745 487 oculus
782 441 934 486 nullus
972 455 1170 498 uuquam
1202 443 1326 488 vidit.
1388 441 1528 487 Vides
1558 447 1709 487 tamen
1745 439 1790 484 in
1820 440 2050 485 mentione
2079 441 2383 498 privolvarum

121 506 358 552 rationem.
419 507 554 552 Valet
582 519 638 553 ea
666 507 873 553 nimirum
913 508 1132 566 imprimis
1172 507 1257 557 ibi,
1296 507 1374 554 ubi
1412 507 1607 552 maxima
1646 505 1937 563 intemperies
1976 514 2022 552 et
2059 507 2385 554 violentissima

122 571 392 618 vicissitudo.
417 573 578 618 summi
607 580 760 618 aestus
792 575 1044 632 summique
1072 573 1266 632 frigoris.

296 638 397 683 211.
429 638 502 682 En
532 638 754 684 rationem
785 639 956 697 ipsam,
1002 640 1225 685 desertam
1267 639 1324 685 ab
1355 637 1562 684 omnibus
1593 638 1874 684 documentis
1916 638 2054 683 visus.
2117 640 2178 684 At
2208 639 2246 684 si
2276 645 2385 685 tunc

124 704 408 749 constitisset
437 704 569 760 mihi,
611 705 788 750 Lunam
819 713 889 753 tot
917 707 1086 752 habere
1118 707 1358 764 depressas
1389 706 1597 755 lacunas,
1629 717 1742 760 quas
1772 704 1817 748 in
1850 704 1995 749 lucem
2027 704 2218 760 protulit
2247 705 2384 750 tubus

122 769 324 821 Galilaei‚
353 777 432 816 aut
461 771 500 815 si
532 770 826 818 Plutarchum
856 770 1069 829 legissem
1101 773 1156 818 de
1190 785 1331 829 specu
1363 771 1560 815 Hecates
1590 769 1886 826 fabulantem,
1917 769 2052 815 credo
2084 770 2283 815 liberiori
2313 785 2385 817 ca·

121 832 241 881 lamo
273 836 484 893 dogmata
513 835 769 883 dictassem.

295 903 394 949 212.
429 903 571 947 Terra
589 902 774 959 inquam
797 902 1058 950 Selenitide.
1094 904 1356 949 Animantia
1385 901 1626 947 censebam
1647 900 1902 957 analogiam
1923 900 2093 946 babere
2114 900 2172 946 ad
2193 907 2386 949 montes.

121 967 236 1013 Vide
265 969 446 1013 Astron.
480 978 655 1026 partem
688 970 894 1028 Opticam
926 970 1003 1015 fol.
1036 971 1134 1016 250.
1196 970 1292 1015 Nec
1323 974 1497 1014 tantum
1529 980 1768 1023 corporum
1800 979 1855 1011 ea
1885 967 2120 1023 proportio
2152 967 2207 1012 ad
2230 976 2387 1013 nostra

121 1034 370 1089 terrestria,
402 1033 483 1078 sed
515 1034 651 1078 etiam
681 1035 961 1092 facultatum,
993 1035 1333 1092 respirationis,
1365 1032 1518 1087 famis,
1552 1033 1675 1088 sitis,
1707 1031 1974 1087 vigiliarum,
2005 1031 2175 1090 somni,
2205 1032 2388 1088 laboris,

32 1139 51 1149 „
121 1098 301 1155 quietis.
362 1098 577 1145 Testatur
606 1102 869 1157 magnitudo
902 1117 1088 1160 operum
1119 1115 1177 1147 ex
1208 1100 1458 1158 appendice
1489 1098 1774 1156 potissimum
1806 1097 2148 1157 conspicienda,
2191 1106 2389 1145 testatur

125 1169 170 1207 et
196 1164 471 1210 continuitas
499 1178 768 1211 excessuum
801 1168 965 1214 caloris
996 1177 1043 1215 et
1074 1168 1254 1227 frigoris
1287 1174 1333 1212 et
1363 1167 1526 1211 raritas
1557 1163 1963 1221 refocillationum;
1996 1163 2052 1209 de
2081 1176 2173 1221 quo
2203 1165 2305 1210 vide
2332 1166 2384 1210 li-

120 1229 287 1276 bellum
319 1231 553 1277 Plutarchi
583 1231 691 1277 folio
728 1235 852 1281 1730.

295 1296 396 1342 213.
427 1297 502 1342 Ex
532 1297 739 1343 thesibus
780 1300 870 1346 hoc
901 1300 1280 1359 Tubingonsibus.
1341 1300 1404 1344 Et
1433 1299 1523 1345 hoc
1554 1309 1735 1355 quoque
1776 1296 1834 1341 ad
1873 1297 2108 1354 analogiae
2145 1298 2385 1356 dictamen,

128 1361 261 1419 cudus
299 1363 357 1408 ab
397 1363 581 1409 ineunte
613 1371 763 1410 aetate
802 1366 866 1412 fui
897 1366 1332 1414 observantissimus.
1395 1365 1523 1421 Quae
1553 1362 1786 1422 proportio
1818 1371 1969 1409 motus
2009 1365 2201 1410 fixarum
2231 1365 2390 1411 lentis·

122 1429 222 1474 simi
252 1442 392 1486 penes
430 1444 514 1476 nos
544 1430 602 1475 ad
639 1432 949 1478 restitutiones
990 1433 1273 1490 singulorum
1302 1432 1587 1489 planetarum
1626 1430 1862 1487 ipsiusque
1893 1430 2008 1475 ad‘eo
2040 1431 2237 1477 Telluris
2268 1431 2389 1477 diur-

122 1508 229 1540 num
261 1496 436 1553 breves,
470 1495 524 1542 ea
554 1497 663 1542 mihi
693 1497 790 1543 visa
819 1502 890 1543 est
919 1512 1021 1546 esse
1052 1499 1286 1556 proportio
1318 1498 1482 1543 aetatis
1513 1497 1735 1541 humanae
1757 1496 1814 1541 ad
1836 1497 2000 1542 molem
2032 1511 2270 1555 corporum
2295 1512 2389 1543 mo-

122 1558 283 1607 dicam.
345 1563 471 1621 Ergo
510 1564 706 1610 vicissim
747 1564 793 1608 in
822 1565 972 1614 Luna,
1015 1578 1116 1609 cum
1154 1564 1276 1609 fixae
1305 1569 1587 1608 revertantur
1620 1561 1813 1608 celerius
1845 1577 1980 1620 quam
2014 1565 2259 1623 Saturnus,
2291 1564 2389 1610 dies

122 1632 281 1674 contra
310 1627 370 1672 sit
399 1628 652 1686 trigecuplo
682 1628 860 1685 longior
890 1637 1066 1687 nostra,
1106 1630 1288 1675 brevem
1329 1627 1630 1673 animantibus
1669 1627 1831 1685 vitam,
1876 1630 2156 1675 incrementa
2195 1629 2392 1675 maxima

121 1693 363 1740 tribuenda
401 1696 584 1753 censui,
623 1702 675 1740 ut
710 1696 823 1741 nihil
848 1696 909 1740 ad
942 1695 1284 1742 consistentiam
1316 1695 1571 1751 perveniat,
1614 1694 1765 1739 omnia
1801 1695 1848 1739 in
1879 1696 2038 1741 mediis
2068 1696 2295 1742 intereant
2323 1697 2390 1741 in·

121 1762 375 1808 crementisb
433 1761 486 1805 In
517 1761 723 1808 thesibus
753 1762 811 1807 ad
842 1763 1028 1820 politica
1058 1762 1239 1819 transii,
1283 1759 1555 1805 universalia
1585 1761 1757 1805 crebris
1788 1762 2086 1819 maximisque
2116 1762 2388 1808 vicissitudi-

122 1823 256 1872 nibus
286 1838 387 1872 esse
417 1826 635 1881 obnoxia,
668 1828 944 1884 privatorum
976 1842 1049 1874 res
1080 1828 1342 1885 frequenter
1370 1839 1572 1882 magnas.

295 1892 399 1937 214.
432 1894 544 1938 Cum
571 1907 718 1950 aquas
749 1895 965 1952 privolvis
996 1894 1288 1946 ademissem,
1331 1900 1486 1937 aestus
1519 1900 1565 1936 et
1593 1890 1773 1948 frigoris
1812 1891 2143 1939 vicissitudines
2173 1893 2392 1939 immanes

123 1957 340 2014 proximis
381 1958 563 2004 omnino
603 1965 858 2017 temporum
896 1960 1101 2006 articulis
1140 1961 1395 2018 relinquere
1426 1971 1635 2017 cogerer,
1683 1957 1821 2003 subiit
1851 1959 2072 2015 animum,
2105 1972 2183 2003 eos
2214 1966 2391 2004 tractus

123 2021 321 2068 habitari
352 2038 442 2086 non
473 2038 624 2082 posse,
658 2025 819 2071 saltem
852 2027 936 2074 sub
967 2026 1055 2073 dio.
1118 2027 1192 2072 Ex
1223 2033 1480 2084 opportuno
1511 2024 1647 2081 igitur
1677 2036 1823 2080 aquae
1854 2023 2104 2070 influebant
2134 2019 2270 2070 certis
2302 2024 2392 2070 diei

121 2091 481 2147 tempestatibus,
514 2105 591 2138 eas
622 2092 783 2138 iterum
803 2094 1069 2138 recedentes
1094 2092 1214 2149 ¹jussi
1237 2091 1434 2136 viventia
1453 2091 1670 2144 comitari,
1704 2097 1750 2134 et
1770 2095 1820 2134 ut
1849 2097 1941 2133 tam
1963 2102 2156 2147 propere
2186 2097 2390 2148 possent,

122 2154 285 2213 longos
327 2157 468 2214 pedes
505 2157 631 2215 dedi,
674 2157 777 2203 aliis
816 2158 954 2204 nandi
983 2158 1248 2205 facultatem
1280 2167 1326 2204 et
1356 2170 1577 2214 aquarum
1607 2157 1894 2214 patientiam,
1935 2166 1985 2202 ut
2017 2166 2194 2202 tantum
2222 2170 2313 2202 non
2344 2157 2392 2203 in

122 2220 273 2279 pisces
304 2223 645 2280 degenerarent.
704 2225 802 2270 Nec
840 2226 1079 2282 quicquam
1119 2225 1258 2283 hujus
1295 2224 1362 2269 illi
1401 2223 1486 2268 erit
1522 2223 1809 2277 incredibile,
1862 2223 1940 2279 qui
1980 2223 2036 2268 de
2076 2224 2187 2269 Cola
2226 2224 2392 2278 Siculo,

123 2286 473 2346 homine-pisce,
514 2289 688 2346 legerit.
750 2291 903 2337 Etiam
933 2291 1045 2338 illud
1076 2294 1366 2352 reputabam,
1405 2289 1516 2335 nihil
1546 2290 1591 2334 in
1624 2289 1777 2335 Terris
1807 2295 1899 2336 tam
1930 2302 2031 2336 esse
2061 2290 2193 2337 nobis
2224 2291 2392 2337 violen-

123 2358 240 2410 tum,
283 2355 414 2411 cujus
447 2356 733 2402 tolerantiam
779 2372 872 2403 non
902 2359 1115 2404 indiderit
1145 2360 1269 2404 Deus
1312 2362 1436 2403 certo
1477 2356 1632 2414 generi
1673 2356 1955 2405 animalium,
1997 2357 2130 2403 famis
2161 2363 2207 2403 et
2238 2369 2393 2404 aestus

122 2420 326 2467 Africani
356 2422 577 2482 leonibus,
608 2424 722 2470 situs
755 2432 802 2469 et
829 2425 1146 2470 immensorum
1168 2424 1451 2470 desertorum
1474 2423 1631 2481 Syriae
1661 2421 1952 2480 Palmyrenes
1983 2423 2182 2482 camelis,
2212 2423 2393 2482 frigoris

124 2485 396 2546 hyperborei
425 2490 542 2535 ursis
574 2497 660 2536 etc.

299 2554 401 2600 215.
432 2555 506 2600 Ex
536 2556 624 2602 hoc
653 2556 969 2613 fundamento,
1009 2558 1131 2615 quod
1165 2556 1308 2602 omnis
1339 2556 1550 2613 materia,
1590 2556 1637 2600 in
1669 2560 1885 2614 quantum
1917 2555 2107 2600 materia
2141 2555 2291 2599 anima
2321 2568 2395 2601 ca·

129 2632 248 2671 rens,
282 2634 332 2666 se
361 2621 462 2679 ipsa
493 2623 552 2667 sit
584 2623 761 2679 frigida,
795 2633 841 2669 et
873 2625 912 2670 si
941 2627 999 2670 ab
1030 2624 1287 2669 extrinseca
1317 2636 1456 2668 causa
1488 2622 1680 2678 calefiat,
1713 2631 1875 2680 sponte
1907 2632 1990 2667 sua
2022 2635 2104 2667 suo
2137 2621 2295 2680 frigori
2325 2634 2394 2667 re·

128 2684 354 2739 stituatur,
386 2688 611 2733 exstincto
642 2702 724 2746 per
754 2691 1054 2737 cessationem
1086 2703 1250 2735 causae
1281 2690 1431 2735 calore
1461 2689 1726 2736 adventitio.
1777 2690 1880 2734 Jam
1913 2701 2060 2745 aquae
2091 2689 2394 2745 privolvarum

127 2749 173 2795 in
205 2765 377 2797 summo
419 2754 600 2810 quidem
639 2764 815 2801 aestum
853 2757 1231 2803 radiorum-Solis
1270 2756 1492 2814 sentiunt,
1535 2757 1593 2802 ad
1623 2756 1868 2815 penitiores
1903 2769 2010 2801 vero
2041 2768 2250 2801 recessus
2281 2754 2397 2801 radii

129 2816 247 2863 Solis
275 2832 366 2863 non
397 2820 675 2878 pertingunt,
707 2824 766 2868 ob
795 2819 1155 2881 profunditatem
1186 2824 1358 2880 opinor.

301 2885 402 2930 216.
434 2883 594 2931 Omnia
622 2887 790 2946 quippe
821 2892 958 2937 certis
991 2892 1146 2938 usibus
1176 2889 1444 2936 destinanda
1483 2893 1629 2935 erant.
1690 2890 1860 2935 Fervor
1890 2894 2039 2933 autem
2072 2899 2292 2944 aquarum
2325 2901 2392 2934 se-

128 2942 352 3007 quebatur
381 2964 437 2995 ex
468 2953 540 2997 die
570 2960 663 2997 tam
693 2954 830 3012 longa
858 2965 905 3004 et
935 2960 1242 3016 experimento
1265 2956 1488 3003 Chilensis
1522 2956 1779 3014 provinciae
1811 2956 1894 3000 sub
1930 2955 2097 3001 circulo
2137 2955 2398 3012 Capricorni

130 3029 334 3074 zonaque
364 3019 536 3064 torrida
567 3019 701 3067 etiam
734 3022 807 3069 die
837 3031 994 3070 nostro
1028 3024 1174 3080 brevi3
1208 3023 1410 3068 scribunt
1442 3022 1561 3067 enim
1592 3022 1768 3079 pluvias
1801 3022 1962 3067 eadere
1992 3023 2125 3079 plane
2157 3021 2342 3066 calidas.

302 3083 406 3131 217.
439 3086 564 3132 Haec
594 3093 665 3132 est
694 3089 818 3134 velut
848 3091 1102 3148 occupatio.
1143 3089 1190 3134 Si
1221 3089 1322 3146 quis
1354 3087 1471 3134 enim
1495 3087 1691 3144 objiciat,
1723 3087 2043 3132 inhabitabiles
2066 3099 2165 3131 esse
2186 3087 2392 3141 regiones

130 3146 250 3209 illas,
280 3148 320 3195 si
351 3152 485 3196 etiam
507 3165 653 3210 aquae
684 3154 903 3212 ferveant,
935 3171 1035 3202 eum
1069 3170 1152 3211 ego
1183 3156 1238 3199 ad
1263 3162 1442 3201 nostras
1473 3154 1614 3200 cellas
1646 3159 1692 3198 et
1722 3163 1886 3212 puteos
1918 3151 2166 3210 profundos
2198 3152 2390 3211 remitto,

131 3214 178 3259 in
210 3215 372 3273 quibus
402 3225 575 3264 aestate
607 3230 762 3278 potum
794 3232 998 3268 nostrum
1028 3222 1353 3280 infrigidamus.

305 3281 406 3328 218.
438 3282 676 3332 Praeivere
705 3295 959 3334 nostrarum
1000 3289 1206 3346 stirpium
1239 3294 1285 3333 et
1314 3287 1543 3333 fructuum
1585 3286 1774 3331 cortices
1813 3285 1997 3340 diversi,
2041 3283 2218 3328 diversa
2246 3283 2393 3341 provi·

68 3372 69 3377 =
133 3346 260 3392 sione
292 3354 504 3402 naturae,
547 3352 779 3407 praeivere
810 3360 957 3399 testae
988 3362 1240 3399 ostrearum
1271 3361 1317 3398 et
1347 3353 1626 3398 testudinum
1658 3351 1995 3409 clypeiformes‚
2026 3350 2259 3407 praeivere
2289 3348 2394 3395 calli

133 3413 313 3471 pedum,
346 3414 540 3470 ungulae
570 3428 617 3462 et
647 3416 800 3463 soleae
830 3419 1124 3463 animantum.

307 3480 407 3525 219.
440 3480 660 3537 Legeram
692 3484 737 3529 in
758 3484 958 3530 Arnobio
980 3486 1105 3536 Afro,
1137 3484 1254 3529 inter
1283 3482 1468 3528 delicias
1500 3483 1598 3539 eJus
1630 3484 1778 3541 gentis
1810 3488 1856 3527 et
1885 3482 1972 3527 hoc
2002 3489 2248 3540 receptum,
2269 3487 2321 3528 ut
2341 3494 2394 3528 se

77 3548 82 3554 '
134 3541 280 3589 nudos
311 3555 542 3601 exponant
572 3547 679 3603 Soli,
711 3550 967 3606 apricantes
999 3558 1049 3595 ut
1079 3549 1304 3603 lacertae,
1334 3556 1381 3593 et
1411 3549 1456 3593 ni
1487 3547 1625 3593 fallor
1655 3549 1787 3593 etiam
1819 3546 2056 3604 crocodili,
2091 3559 2305 3604 quorum.
2341 3554 2394 3593 ut

133 3606 306 3655 bestiae
337 3612 527 3668 patriae,
559 3622 766 3659 naturam
796 3616 931 3662 Afros
962 3616 1132 3661 habere
1163 3629 1218 3660 ex
1250 3627 1303 3660 eo
1335 3615 1505 3660 censui.
1552 3615 1668 3659 Nam
1698 3613 1744 3659 id
1777 3612 1956 3670 quidem
1986 3612 2118 3660 nobis
2140 3614 2393 3671 Europaeis

135 3678 346 3722 tormenti
374 3679 525 3735 potius
557 3693 698 3735 genus
731 3689 866 3727 esset.

307 3746 408 3791 220.
443 3745 516 3790 Sic
546 3746 601 3791 de
622 3747 803 3805 populis
825 3747 1122 3802 Culomoriae,
1153 3745 1408 3805 provinciae
1432 3745 1670 3803 Scythicae
1691 3744 2004 3804 hyperboreae
2025 3745 2259 3792 scribitur:
2290 3757 2391 3790 esse

137 3810 217 3867 qni
261 3819 395 3858 nocte
433 3812 513 3858 illa
553 3811 689 3871 longa
723 3814 962 3872 ingruente
1011 3814 1309 3870 emoriantur,
1349 3811 1455 3859 Sole
1494 3811 1712 3859 redeunte
1760 3811 2060 3871 reviviscant,
2104 3822 2248 3871 eoque
2290 3817 2390 3860 tuta
