2652 4088
318 158 392 215 44
1236 150 1266 195 J
1269 148 1425 196 oannis
1457 148 1643 208 Kepleri

319 302 447 348 natui
476 301 659 358 injust0‚
691 298 976 346 arithmetica
1006 296 1230 344 avaritiae.
1273 294 1362 340 Sed
1392 294 1551 340 melior
1580 306 1756 350 sensus,
1788 293 1909 351 qnod
1940 305 2042 337 cum
2073 304 2227 338 omnes
2259 304 2308 337 se
2337 291 2449 349 ipsis
2479 291 2570 336 sint

317 369 447 414 mites
479 374 523 414 et
552 367 762 411 innoxiae
795 366 956 422 (eoque
987 378 1078 408 non
1108 361 1292 418 spiritus
1323 359 1388 403 illi
1420 365 1655 416 apostatae
1687 365 1732 404 et
1762 372 1970 415 nequam,
2002 358 2164 414 quibus
2194 364 2264 404 est
2294 372 2396 404 cum
2424 359 2569 416 magis

318 440 365 479 et
396 434 514 490 sagis
546 431 873 488 commercium,
906 429 982 486 qui
1014 439 1123 473 suae
1146 425 1429 472 crudelitatis
1453 430 1498 470 et
1517 439 1739 470 noxarum
1761 425 2068 470 testimonium
2087 424 2257 470 habent
2277 425 2567 479 irrefutabile,

320 511 348 545 a
378 497 560 555 proprio
592 510 674 542 suo
705 502 899 555 patrono
930 491 1219 550 Porphyrio),
1259 490 1553 548 praecipuum
1581 497 1732 536 tamen
1759 491 1847 535 hoc
1879 490 1938 535 sit
1966 490 2013 533 in
2042 490 2339 548 astronomia,
2381 489 2571 546 subjecti

318 566 389 611 sui
419 563 763 609 conditionibus.

489 628 562 674 38.
594 627 886 684 QuaerendO,
929 637 1045 683 quae
1078 635 1215 669 causa
1245 622 1382 679 hujus
1413 623 1587 668 numeri
1614 623 1724 667 mihi
1753 622 1912 679 fuerit,
1956 635 2047 666 non
2077 620 2180 678 plus
2210 622 2402 680 profeci,
2438 636 2571 680 quam

318 693 438 752 quod
467 693 654 738 totidem
685 693 835 738 inveni
863 692 1019 736 literas
1051 701 1132 733 seu
1163 689 1449 732 characteres
1491 689 1538 733 in
1559 687 1741 733 vocibus
1761 688 2060 734 Astronomia
2083 686 2398 744 Gopernicana
2436 687 2574 744 quod-

319 773 407 818 que
438 758 626 803 totidem
657 766 764 804 sunt
793 759 966 803 formae
1008 754 1376 810 conjunctionum
1417 754 1536 798 inter
1571 754 1702 799 binos
1738 754 1968 811 planetas,
2008 766 2198 808 quorum
2239 758 2345 797 sunt
2386 767 2570 799 numero

318 831 506 884 septem.
567 827 630 872 Et
664 824 917 882 jucundum
956 822 1046 867 hoc
1089 819 1287 875 accedit,
1327 819 1522 864 totidem'
1559 820 1694 865 etiam
1732 832 1832 864 esse
1874 819 2024 876 jactus
2064 818 2269 862 binarum
2299 824 2572 864 tesserarum

318 893 590 938 cubicarum.
653 892 741 935 Est
787 890 956 947 quippe
999 888 1051 933 21
1096 899 1311 931 numerus
1357 885 1624 941 trigonicus,
1669 885 1771 930 basi
1801 883 1851 931 ’6.
1922 884 2152 942 Allegoria
2198 885 2469 929 evocationis
2505 890 2575 930 est
2649 940 2652 942 q

316 971 374 1003 ex
403 957 556 1002 Delrio
600 961 647 1002 et
682 955 830 1013 magia
868 955 1095 1010 desumta‚
1145 952 1302 998 subest
1343 957 1494 997 autem
1533 964 1692 996 sensus
1723 950 2052 1008 grammaticus,
2113 950 2370 1007 Evocatur,
2414 949 2461 995 id
2502 955 2572 996 est

317 1030 694 1137 enunmggariioc
725 1088 858 1133 etiam
899 1086 955 1131 de
992 1084 1273 1130 Finnonibus
1318 1082 1660 1142 septentrionali
1699 1087 1832 1141 gente
1881 1082 2130 1138 vicinisque
2171 1082 2342 1139 Lappis
2383 1093 2573 1126 comme·

318 1162 466 1202 morat
495 1156 634 1202 Olaus
665 1158 712 1199 et
741 1154 831 1200 alii.
891 1154 992 1210 Ego
1024 1164 1129 1197 vero
1162 1151 1220 1196 ad
1251 1152 1503 1197 doctrinam
1531 1149 1712 1196 traduxi
1743 1149 1800 1195 de
1831 1150 1991 1196 diebus
2020 1148 2327 1202 naturalibus,
2366 1147 2490 1192 zonis
2529 1152 2573 1192 et
2650 1207 2652 1210 Ι

320 1223 574 1268 climatibus
606 1227 652 1267 et
681 1221 739 1266 ad
772 1219 1094 1278 experientiam
1125 1217 1453 1263 Hollandorum
1483 1217 1531 1262 in
1562 1217 1674 1261 mari
1706 1217 1897 1272 glaciali,
1929 1216 2007 1272 qui
2039 1214 2186 1259 omnia
2219 1214 2284 1259 sic
2314 1217 2574 1270 comparata

316 1291 598 1345 invenerunt,
630 1293 682 1333 ut
712 1301 794 1333 nos
826 1286 1071 1333 astronomi
1100 1285 1176 1330 hic
1207 1285 1315 1330 foris
1342 1284 1437 1342 jam
1469 1299 1496 1330 a
1526 1285 1677 1329 multis
1709 1284 1872 1330 seculis
1903 1280 2106 1329 docendo
2138 1280 2364 1326 scivimus.

491 1357 565 1402 40.
596 1355 756 1399 Priora
787 1354 842 1399 de
873 1353 1019 1411 plagis
1052 1357 1271 1396 terrarum
1303 1355 1432 1396 erant
1460 1351 1623 1408 posita,
1657 1362 1773 1407 quae
1804 1349 1859 1393 ab
1890 1347 2072 1393 homine
2093 1346 2207 1392 adiri
2226 1348 2430 1403 possunt,
2462 1344 2575 1390 haec
2648 1340 2652 1343 ’

312 1422 408 1479 Jam
439 1421 494 1467 de
525 1421 794 1467 coelestibus
825 1417 1085 1474 regionibus
1119 1417 1320 1474 accipite.

490 1488 563 1533 41.
595 1486 822 1543 Populare
860 1497 1058 1530 scomma
1090 1487 1180 1539 est,
1226 1482 1407 1529 credam
1445 1481 1617 1539 potius,
1666 1495 1801 1538 quam
1838 1485 1891 1524 ut
1932 1480 1979 1525 in
2009 1493 2103 1524 rem
2144 1485 2429 1536 praesentem
2460 1490 2574 1523 eam.
2650 1519 2652 1524 ,

317 1552 639 1609 Quaeruntque
669 1551 888 1608 plerique,
922 1549 1151 1594 dudumne
1182 1561 1240 1593 ex
1271 1548 1397 1594 coelo
1430 1548 1604 1605 delapsi
1634 1549 1772 1593 simus
1804 1546 2081 1592 astronomi?
2138 1545 2313 1601 Quibus
2344 1545 2486 1600 magis
2517 1543 2575 1590 ad

318 1623 501 1675 captum
531 1632 662 1663 suum
692 1617 928 1674 respondit
960 1617 1149 1662 Galilaei
1193 1615 1385 1661 nuncius
1427 1615 1654 1672 sidereus;
1699 1619 1746 1660 at
1774 1615 1966 1660 validius
2013 1619 2082 1659 est
2121 1613 2311 1658 rationis
2346 1612 2575 1668 judicium,

318 1697 434 1742 quae
463 1684 592 1730 testis
624 1689 695 1730 est
725 1683 847 1728 omni
876 1682 1144 1740 exceptione
1174 1682 1332 1738 major,
1367 1680 1489 1739 quod
1520 1681 1697 1739 experti
1728 1687 1834 1728 sunt
1860 1681 2079 1727 Hollandi
2109 1681 2156 1726 in
2185 1680 2275 1727 illis
2306 1680 2399 1727 suis
2430 1680 2576 1725 hiber-

317 1750 401 1808 nis,
433 1764 552 1795 num.
588 1750 657 1796 39.

492 1815 562 1861 42.
585 1816 716 1860 Luna
736 1814 955 1859 Hebraeis
977 1820 1047 1859 est
1062 1815 1248 1859 Lebana
1265 1813 1543 1872 velLevana,
1557 1813 1803 1860 Selenitida
1821 1814 1950 1872 potui
1969 1814 2233 1871 indigetare,
2257 1812 2337 1859 sed
2356 1812 2580 1858 hebraeae

317 1893 466 1938 voces,
495 1880 756 1926 remotiores
789 1880 844 1925 ab
876 1879 1046 1934 auditu,
1078 1880 1238 1937 majori
1270 1881 1592 1937 superstitione
1624 1882 1992 1928 commendantur
2021 1881 2067 1926 in
2100 1880 2290 1926 occultis
2321 1880 2511 1925 artibus.

490 1947 564 1992 43.
595 1947 717 1992 Ecce
747 1947 934 2004 iterum,
979 1951 1031 1991 ut
1067 1960 1140 1992 me
1181 1947 1430 1993 necessitas
1474 1948 1575 2005 ipsa
1603 1962 1804 1992 meorum
1835 1947 2173 2004 suppositorum
2204 1945 2388 2002 ejecerit
2416 1945 2462 1989 in
2493 1945 2580 1990 hoc

317 2013 447 2072 litus,
493 2013 612 2071 quod
646 2014 918 2059 Plutarchus
955 2013 1087 2071 legit,
1132 2013 1316 2058 Saturni
1347 2019 1393 2058 et
1423 2013 1521 2070 ipse
1560 2014 1754 2058 reditum
1783 2014 1830 2058 in
1860 2014 2056 2059 Taurum
2093 2024 2460 2058 commemorans
2520 2012 2582 2056 At

320 2079 460 2126 series
491 2080 629 2136 hujus
660 2079 894 2124 electionis
925 2091 1052 2125 meae
1085 2079 1190 2125 talis
1221 2078 1320 2123 fuit.
1383 2080 1557 2124 Morem
1588 2080 1931 2135 Astrologorum
1964 2081 2194 2137 affectavi,
2227 2085 2278 2125 ut
2306 2085 2398 2124 tam
2430 2077 2579 2124 Solem
2649 2092 2652 2125 ἵ

321 2158 455 2201 quam
486 2145 662 2190 Lunam
691 2145 738 2189 in
769 2145 965 2202 propriis
998 2145 1319 2190 constituerem
1353 2145 1658 2203 dignitatibus,
1701 2146 1841 2202 Atqui
1873 2146 1951 2192 Sol
1980 2147 2026 2192 in
2057 2147 2212 2191 Leone
2244 2145 2467 2190 domicilio
2498 2157 2579 2189 suo
2650 2190 2652 2195 ,

317 2211 404 2257 fuit
434 2215 676 2268 antequam
707 2211 965 2256 Duracotus
998 2211 1179 2256 domum
1209 2212 1378 2257 rediret
1441 2212 1488 2256 id
1520 2213 1558 2257 si
1587 2226 1678 2257 non
1709 2212 1894 2270 fuisset,
1936 2213 2015 2258 Sol
2046 2212 2227 2270 quidem
2263 2212 2311 2256 in
2348 2224 2401 2256 00
2434 2210 2578 2266 signo,

318 2276 452 2322 Luna
480 2277 527 2321 in
560 2278 754 2334 Cancro,
794 2276 927 2321 domo
957 2276 1112 2335 itidem
1145 2291 1252 2331 sua,
1295 2277 1510 2322 collocari
1539 2278 1688 2335 potuit
1719 2278 1984 2324 decrescens
2017 2284 2063 2322 et
2093 2277 2392 2334 corniculata3
2439 2282 2485 2321 at
2515 2275 2580 2320 in·
2650 2309 2652 2315 Α

321 2343 602 2388 commodum
633 2343 720 2388 hoc
751 2355 1039 2387 accessurum
1071 2341 1178 2399 fuit,
1218 2343 1340 2398 quod
1374 2343 1522 2386 Solem
1555 2342 1749 2398 cogebar
1789 2345 1871 2389 sub
1903 2344 2137 2389 horizonte
2168 2343 2312 2388 ortivo
2344 2342 2580 2399 collocare,
2649 2361 2652 2368 ·

321 2424 422 2456 cum
452 2423 543 2454 nox
574 2410 892 2465 congruentius
925 2409 1120 2466 eligatur
1151 2408 1208 2453 ad
1238 2409 1340 2452 ista.
1383 2408 1578 2465 Propter
1608 2410 1724 2454 haec
1753 2408 2037 2454 incommoda
2058 2408 2200 2453 delevi
2223 2409 2399 2465 signum
2422 2408 2582 2453 Cancri
2650 2426 2652 2469 3

322 2475 590 2533 deseruique
621 2490 808 2531 annum,
857 2489 946 2531 quo
979 2476 1200 2520 Saturnus
1230 2475 1276 2518 in
1312 2475 1482 2519 Cancro
1515 2474 1618 2533 fuit,
1668 2489 1834 2520 annum
1865 2489 1926 2520 sc.
1962 2475 2097 2529 1593,
2143 2487 2233 2531 quo
2264 2488 2382 2519 anno
2413 2475 2580 2531 scripta
2650 2487 2652 2491 ·

319 2542 405 2588 fuit
433 2542 512 2587 illa
543 2542 789 2598 disputatio
822 2542 1008 2598 lunaris,
1039 2545 1121 2585 tua
1141 2538 1336 2585 Besolde
1356 2553 1512 2597 manu3
1546 2553 1658 2599 quas
1689 2541 1850 2586 lituras
1882 2541 2123 2587 etiamnum
2155 2541 2332 2586 invenio
2364 2540 2410 2584 in
2434 2541 2578 2597 primo
2650 2559 2652 2590 3

321 2622 421 2653 meo
453 2608 713 2664 exemplari.
773 2607 983 2653 Vicissim
1013 2607 1150 2662 igitur
1178 2607 1408 2650 Duracoto
1450 2618 1548 2650 meo
1583 2610 1742 2652 exacta
1772 2607 1920 2651 hieme
1962 2606 2008 2650 in
2040 2606 2188 2663 patria
2218 2606 2432 2651 Martium
2466 2605 2580 2661 elegi
2644 2618 2652 2667 ‘-

325 2674 569 2729 Solemque
607 2673 653 2716 in
694 2673 1000 2729 aequinoctio,
1046 2673 1164 2718 bono
1207 2673 1336 2729 signo
1378 2674 1702 2726 astronomico,
1740 2671 1876 2729 inque
1915 2671 2041 2716 aditu
2078 2671 2245 2716 Arietis
2291 2671 2579 2716 exaltationis
2646 2670 2652 2723 ξ

328 2752 460 2794 suae3
491 2738 622 2783 Luna
653 2738 790 2793 igitur
819 2739 858 2782 si
888 2738 1166 2786 corniculata
1198 2739 1353 2784 debuit
1383 2738 1544 2794 videri,
1576 2739 1623 2783 in
1656 2739 1784 2796 signo
1817 2751 1876 2783 sc.
1913 2737 2007 2782 Soli
2038 2736 2206 2791 vicino,
2250 2750 2339 2781 non
2372 2737 2579 2793 equidem

322 2807 369 2851 in
401 2805 490 2850 alio
533 2804 798 2859 dignitatem
836 2805 1033 2861 aliquam
1064 2804 1245 2861 habuit,
1294 2817 1427 2860 quam
1468 2804 1515 2848 in
1546 2804 1695 2849 Tauro
1750 2804 2083 2849 exaltationem.
2145 2804 2306 2860 Itaque
2346 2809 2397 2848 ut
2439 2803 2581 2849 videri

282 2860 301 2877 ²
324 2875 484 2928 posset
509 2869 642 2926 juxta
674 2869 829 2914 stellas
873 2870 1009 2926 alias,
1051 2871 1250 2928 oportuit
1281 2870 1430 2916 Solem
1461 2869 1544 2915 sub
1578 2871 1811 2917 occiduum
1842 2869 2122 2913 horizontem
2153 2870 2322 2914 referre
2359 2868 2581 2926 principio

323 2935 489 2993 noctis,
523 2935 642 2992 quod
673 2934 759 2980 fuit
790 2948 847 2979 ex
878 2940 998 2993 voto,
1031 2937 1298 2994 praesertim
1318 2938 1365 2981 in
1387 2937 1525 2993 signis
1547 2937 1782 2993 longarum
1804 2936 2168 2992 descensionum,
2201 2936 2247 2980 in
2268 2935 2430 2992 quibus
2451 2936 2583 2980 Luna
2647 2948 2652 2970 2

322 3002 404 3047 tali
433 3003 524 3046 situ
554 3000 685 3046 valde
717 3007 787 3046 est
817 3003 1065 3058 conspicua
1093 3008 1190 3047 toto
1223 3017 1412 3060 corpore
1443 3004 1561 3047 intra
1593 3003 1879 3060 complexum
1911 3015 2050 3046 cornu
2079 3001 2230 3056 lucidi,
2270 3000 2387 3045 utin
2407 2999 2579 3057 Opticis

324 3070 463 3125 inque
496 3067 812 3112 dissertatione
845 3081 944 3111 cum
976 3069 1139 3112 nuncio
1173 3067 1349 3112 sidereo
1383 3067 1585 3125 Galilaei,
1619 3068 1812 3124 denique
1855 3068 1901 3111 in
1932 3066 2146 3122 Epitoma
2185 3065 2292 3111 dixi.
2352 3066 2414 3111 Ut
2443 3065 2580 3121 igitur
2650 3091 2652 3094 -

324 3135 460 3181 etiam
492 3134 711 3183 Saturnus
743 3134 903 3177 Lunae
929 3133 1214 3191 jungeretur,
1248 3133 1370 3190 quod
1400 3134 1570 3179 habent
1601 3134 1817 3190 astrologi
1857 3138 2169 3189 argumentum
2201 3131 2481 3177 occultarum
2511 3145 2579 3176 ar·
2644 3143 2652 3175 .·

324 3202 451 3259 tium,
484 3201 706 3247 Saturnus
746 3212 926 3256 quoque
971 3200 1018 3243 in
1050 3200 1200 3244 Tauro
1239 3199 1474 3255 ponendus
1514 3199 1615 3245 fuit.
1676 3199 1747 3243 Ita
1785 3199 1971 3254 emergit
2008 3204 2212 3255 tempus,
2260 3212 2348 3255 quo
2387 3198 2579 3243 maxime
2646 3233 2652 3249 .

325 3267 558 3313 fervebant
596 3266 933 3310 observationes
955 3263 1211 3322 ‘Tychonis,
1257 3275 1374 3306 anno
1420 3263 1532 3309 1589
1563 3265 1634 3322 ᾖ.
1669 3265 1802 3308 Mart.
1834 3265 2034 3321 vesperi,
2074 3265 2253 3322 quando
2296 3265 2431 3310 etiam
2475 3279 2578 3311 con·
2650 3274 2652 3289 “

318 3334 495 3392 junctio
525 3334 571 3377 in
603 3333 991 3378 constellationem
1021 3331 1256 3376 Pleiadum
1287 3327 1463 3384 incidit,
1494 3329 1616 3385 quod
1649 3329 1773 3374 sidus
1799 3331 1934 3386 juxta
1962 3331 2140 3375 Lunam
2171 3331 2441 3376 collocatum
2470 3331 2579 3375 ima-
2650 3351 2652 3390 j

326 3399 575 3455 ginationes
606 3399 700 3443 nati
731 3398 1022 3454 multiplicat,
1064 3402 1116 3441 ut
1156 3396 1204 3439 in
1233 3394 1514 3439 Harmonicis
1554 3396 1772 3441 concessi.
1833 3396 1952 3452 Quin
1984 3397 2118 3441 etiam
2148 3398 2475 3442 astronomicae
2504 3410 2578 3442 ra-
2641 3438 2652 3443 ..

325 3465 475 3510 tiones
506 3464 820 3510 commendant
851 3464 972 3508 hunc
1004 3461 1286 3507 asterismum
1317 3461 1362 3504 in
1397 3461 1710 3505 observatione
1740 3462 1899 3507 Lunae
1931 3463 2247 3507 corniculatae.
2298 3463 2411 3507 Vide
2440 3463 2580 3520 hujus
2648 3463 2652 3466 ’

329 3531 505 3588 generis
539 3531 897 3576 observationem
937 3530 983 3574 in
1015 3528 1185 3586 Opticis
1227 3528 1360 3585 meis,
1406 3528 1510 3584 Cap.
1545 3528 1624 3574 XI.
1656 3526 1736 3571 fol.
1769 3526 1870 3572 347.
1904 3541 1959 3572 ex
1990 3541 2105 3573 anno
2139 3529 2268 3574 1598.
2300 3529 2341 3574 8.
2372 3528 2501 3585 April
2533 3534 2580 3574 et

330 3596 402 3642 27.
430 3595 556 3641 Julii.
587 3597 696 3650 (v01.
727 3600 781 3652 11,
813 3611 856 3651 p.
890 3597 1012 3653 347.)

501 3660 573 3714 44.
606 3662 674 3705 46.
705 3661 778 3706 47.
828 3661 953 3706 Haec
990 3672 1170 3717 quoque
1201 3661 1373 3717 magica
1404 3661 1675 3716 ceremonia,
1718 3660 1791 3704 cui
1820 3660 2067 3717 respondet
2108 3660 2156 3705 in
2184 3660 2358 3706 ratione
2388 3658 2580 3704 docendi

336 3725 670 3782 astronomiam,
704 3726 824 3782 quod
856 3740 908 3771 ea
939 3739 1226 3783 nequaquam
1256 3731 1325 3771 est
1358 3725 1634 3782 professoria
1665 3738 1746 3770 8011
1777 3731 2140 3783 extemporanea,
2173 3726 2253 3771 sed
2283 3724 2456 3780 indiget
2485 3737 2577 3770 om·
2643 3722 2652 3772 Ῑ

331 3792 402 3836 1118
443 3790 655 3847 expedita
694 3794 929 3848 responsio
963 3793 1140 3849 quiete,
1179 3791 1495 3836 recollectione
1534 3803 1748 3836 sensuum
1779 3793 2099 3850 conceptisque
2136 3791 2297 3837 verbis.
2357 3792 2409 3835 In
2439 3792 2578 3849 parti-

335 3856 475 3902 culari
506 3856 831 3905 observationis
862 3857 1097 3915 cuiusdam
1127 3858 1280 3916 praxi,
1322 3869 1439 3915 quae
1476 3856 1586 3903 mihi
1614 3858 1788 3914 Pragae
1818 3859 1939 3907 circa
1968 3858 2072 3904 illos
2101 3871 2244 3904 annos
2282 3858 2437 3904 crebra
2467 3862 2578 3916 erat,

2639 3618 2652 3680 ᾗ

2637 3680 2652 3749 ξ

2631 3781 2652 3960 ἒ
