2652 4088
759 138 912 191 Notae
940 142 988 191 in
1019 141 1250 191 Somnium
1281 138 1657 189 Astronomicum.
2309 123 2382 204 57

126 291 238 340 satis
269 291 482 339 diuturna
512 302 652 350 super
677 289 916 338 horizonte
943 291 1147 339 locorum
1177 293 1403 342 lunarium
1432 293 1808 342 subdistinctione
1838 293 2010 353 indiget
2038 294 2086 342 in
2115 298 2270 353 partes
2301 294 2381 341 mi·

124 362 344 408 nutiores.
382 360 500 405 Nam
533 359 572 405 si
601 364 761 406 nostra
790 358 884 405 dies
917 373 1020 406 cum
1050 368 1184 408 nocte
1216 375 1312 420 sua,
1345 376 1461 423 quae
1492 370 1564 410 est
1594 363 1683 410 diei
1711 361 1951 420 noctisque
1979 363 2152 410 lunaris
2172 376 2279 422 pars
2300 376 2382 409 uu·

127 427 411 474 detricesima
441 424 648 480 demum,
680 425 818 483 paulo
849 425 1018 480 minor,
1050 427 1089 472 si
1118 428 1232 474 haec
1262 430 1444 489 inquam
1474 436 1568 475 tam
1600 430 1748 476 brevis
1778 442 1905 474 mora
1934 443 2046 476 usus
2078 443 2218 477 causa
2246 431 2293 476 in
2325 429 2382 478 24

123 500 278 552 partes
310 490 634 549 subdividitur,
673 496 842 550 quanto
873 491 1016 549 magis
1045 492 1124 538 illa
1159 500 1252 541 tam
1282 496 1418 552 longa
1461 496 1557 542 dies
1589 496 1879 542 distinctione
1911 510 2026 554 opus
2056 497 2259 543 habebit.
2319 497 2384 543 Et

123 574 207 606 nos
237 558 419 616 quidem
456 558 689 604 terricolas
719 564 882 606 natura
913 561 1141 614 destituit,
1181 570 1233 610 ut
1264 565 1386 621 quod
1424 577 1551 610 mens
1591 564 1916 621 arbitriumque
1954 564 2149 610 hominis
2190 568 2381 622 spectat,

123 627 268 672 oculis
297 626 604 670 internoscere
634 637 725 669 non
756 641 995 685 queamus:
1039 629 1150 674 nihil
1184 631 1303 675 enim
1334 636 1404 677 est
1433 632 1638 688 uspiam,
1679 628 1800 688 quod
1831 628 1965 675 unius
1995 629 2136 675 horae
2166 629 2383 676 nostratis

122 695 269 754 spatio
301 706 566 740 conversum
606 692 654 736 in
687 692 878 750 pristina
907 700 1162 741 revertatur
1196 697 1400 752 vestigia.
1464 697 1524 742 At
1554 698 1597 742 in
1628 698 1759 743 Luna
1790 695 2053 741 subvolvani
2092 696 2262 742 habent
2290 708 2383 739 mo-

120 769 217 810 tum
247 761 370 806 hunc
400 757 570 804 Volvae
603 771 714 804 suae
744 758 865 806 circa
895 773 1027 806 suum
1049 774 1180 807 axem
1211 762 1260 808 in
1289 761 1445 807 oculos
1467 761 1784 815 incurrentem,
1819 761 1896 819 qui
1917 761 2193 808 macularum
2213 761 2385 806 Volvae

120 829 323 874 ordinem
356 824 547 871 eundem
577 824 755 872 reducit
781 828 920 886 idque
950 831 1070 876 intra
1100 844 1235 877 unam
1257 837 1437 878 noctem
1458 831 1664 876 lunarem
1687 832 1798 878 facit
1819 831 2182 889 quatuordecies,
2234 832 2384 890 Quare

121 906 406 952 nequaquam
437 898 507 937 est
536 892 801 950 verisimile,
841 895 960 941 hanc
997 896 1356 943 observationem
1388 911 1416 942 a
1443 895 1655 941 lunicolis
1696 896 1875 954 negligi.
1937 898 2011 942 Ex
2043 910 2097 943 eo
2129 911 2236 944 vero
2277 910 2386 953 qua·

121 961 357 1006 damtenus
396 957 623 1003 aestimari
663 964 819 1015 potest
854 962 1156 1018 privolvarum
1188 968 1368 1018 egestas
1400 967 1446 1007 et
1476 961 1699 1019 solitudo,
1740 968 1793 1008 ut
1823 963 1900 1020 qui
1931 963 2102 1009 Volvae
2134 968 2385 1019 conspectu

123 1026 285 1085 privati
315 1026 405 1070 hoc
435 1024 571 1068 etiam
601 1023 872 1072 adminiculo
902 1029 1121 1087 temporis
1152 1026 1459 1085 distinguendi
1490 1032 1691 1074 careant.

295 1091 392 1137 150.
423 1087 537 1133 Tres
578 1089 889 1138 restitutiones
931 1095 1190 1151 superficiei
1222 1094 1392 1139 Terrae
1430 1105 1511 1138 seu
1543 1091 1714 1138 Volvae
1754 1097 1861 1138 suut
1899 1092 1975 1138 hic
2017 1092 2386 1150 distinguendae:

118 1171 224 1216 una,
253 1169 355 1202 cum
385 1154 504 1200 idem
536 1153 794 1211 superficiei
822 1157 952 1204 locus
983 1161 1070 1205 sub
1102 1160 1289 1206 eandem
1319 1159 1458 1207 fixam
1487 1159 1750 1214 revertitur,
1793 1159 1906 1203 haec
1937 1159 2075 1215 paulo
2105 1157 2287 1203 brevior
2317 1164 2387 1204 est

119 1237 209 1270 una
248 1222 321 1267 die
360 1227 406 1266 et
437 1226 571 1266 nocte
611 1228 816 1267 nostrate
855 1225 1075 1284 naturali3
1117 1225 1282 1281 altera,
1326 1237 1427 1269 cum
1470 1223 1701 1269 restitutio
1738 1224 1792 1270 fit
1821 1225 1879 1269 ad
1912 1223 2077 1269 lineam
2118 1236 2200 1281 per
2231 1228 2386 1269 centra

119 1289 236 1335 Solis
268 1295 314 1333 et
343 1288 513 1333 Terrae
542 1288 735 1343 eJ‘ectam
773 1301 831 1334 ex
871 1292 1029 1337 eadem
1060 1292 1229 1338 Terrae
1259 1291 1414 1349 plaga,
1454 1291 1569 1335 haec
1602 1289 1739 1347 plane
1771 1295 1937 1348 aequat
1966 1291 2173 1347 adeoque
2202 1298 2251 1344 vet
2282 1302 2386 1335 cau-

117 1362 243 1403 satur
273 1355 389 1401 diem
420 1360 691 1412 noctemque
721 1357 995 1416 naturalem3
1027 1358 1175 1414 tertia,
1207 1371 1309 1402 cum
1330 1356 1558 1402 restitutio
1589 1356 1643 1401 fit
1671 1356 1727 1402 ad
1760 1355 1924 1415 lineam
1957 1370 2013 1401 ex
2042 1362 2197 1402 centro
2220 1355 2388 1400 Terrae

116 1436 199 1480 per
219 1428 422 1468 centrum
442 1421 603 1466 Lunae
625 1421 831 1478 ejectam,
864 1421 978 1467 haec
1010 1421 1187 1468 demum
1210 1421 1412 1467 maculas
1433 1420 1605 1466 Volvae
1624 1421 1670 1466 in
1697 1427 1990 1478 conspectum
2012 1421 2172 1466 Lunae
2192 1419 2390 1466 reducit:

118 1487 267 1545 Hujus
296 1487 625 1544 longitudinem
658 1487 723 1532 sic
754 1493 985 1544 computa.
1044 1489 1099 1533 In
1130 1487 1258 1532 annis
1290 1488 1346 1533 76
1379 1492 1486 1532 sunt
1514 1485 1771 1531 lunationes
1794 1486 1896 1542 940,
1928 1486 2109 1532 interim
2141 1485 2247 1530 dum
2267 1485 2395 1531 fixae.

118 1552 417 1599 novendecies
449 1553 756 1599 absolverunt
773 1554 990 1601 circuitus
1014 1555 1144 1608 1465,
1173 1553 1220 1599 id
1241 1559 1313 1599 est
1332 1553 1493 1610 27835,
1528 1565 1608 1597 seu
1632 1550 1798 1606 gradus
1821 1551 2063 1599 10020600.
2103 1552 2214 1596 Cum
2237 1557 2389 1598 autem

118 1620 208 1664 hoc
244 1619 461 1675 temporis
503 1620 652 1677 spatio
694 1619 790 1664 dies
829 1624 1056 1664 nostrates
1094 1619 1308 1665 labantur
1338 1618 1507 1674 27759‚
1555 1616 1684 1663 aufer
1721 1617 1979 1663 lunationes
2011 1617 2119 1670 940,
2150 1616 2390 1662 restabunt

118 1685 288 1732 26819:
327 1685 464 1731 toties
493 1684 699 1732 maculae
732 1685 916 1730 eaedem
950 1685 1120 1731 Volvae
1150 1690 1441 1731 revertuntur
1481 1683 1564 1728 sub
1593 1682 1894 1729 lunicolarum
1924 1689 2175 1741 aspectum.
2227 1681 2390 1728 Divide

120 1762 338 1796 summam
368 1748 589 1806 graduum
618 1763 702 1807 per
731 1750 892 1806 26819,
922 1750 1111 1796 veniunt
1141 1751 1270 1810 3733.
1311 1751 1399 1796 Tot
1430 1749 1646 1795 labuntur
1675 1755 1882 1806 tempora
1913 1750 2175 1806 aequatoris
2203 1748 2387 1794 interim

118 1815 225 1860 dum
254 1815 533 1862 macularum
564 1816 735 1863 Volvae
766 1816 969 1862 ordinem
999 1817 1259 1863 restitutum
1288 1816 1443 1862 vident
1471 1815 1718 1862 lunicolae.
1769 1817 1857 1862 Est
1889 1816 2064 1863 scilicet
2096 1829 2186 1862 una
2218 1815 2390 1862 lunico-

120 1882 267 1928 larum
306 1881 422 1928 hora
459 1895 595 1928 uuam
633 1887 881 1929 nostratem
919 1881 1038 1927 diem
1070 1888 1114 1927 et
1145 1887 1325 1928 noctem
1357 1895 1459 1928 cum
1489 1880 1718 1927 tricesima
1747 1882 1885 1940 paulo
1925 1883 2028 1941 plus
2067 1887 2200 1942 parte
2239 1883 2389 1941 longa,

119 1948 209 1993 hoc
237 1954 308 1993 est
336 1948 432 1994 fere
461 1949 518 1994 25
548 1949 686 1995 horas
717 1955 962 1996 nostrates.

234 2047 240 2052 -
298 2016 395 2061 151.
429 2014 609 2073 Quippe
653 2015 810 2061 eadem
842 2017 1012 2062 Terrae
1054 2015 1277 2062 revolutio
1316 2021 1362 2063 et
1400 2015 1534 2062 nobis
1573 2015 1796 2061 terricolis
1838 2015 1980 2074 gignit
2020 2015 2399 2074 imaginationem

122 2081 254 2141 primi
284 2080 477 2138 mobilis,
511 2082 643 2138 cnjus
673 2089 825 2129 motus
859 2083 915 2128 ab
946 2083 1217 2129 astronomis
1251 2083 1507 2141 concipitur
1536 2087 1589 2128 ut
1620 2083 1868 2139 aequabilis
1899 2088 2137 2140 perpetuo.

295 2148 391 2194 152.
424 2116 540 2194 Vide
570 2162 695 2195 num.
718 2149 803 2196 109
834 2155 880 2195 et
910 2162 1006 2195 rem
1037 2154 1084 2195 et
1113 2162 1298 2196 causam
1327 2149 1466 2207 hujus
1495 2148 1834 2206 inaequalitatis
1854 2154 2004 2194 motus
2027 2147 2170 2207 Solis,
2202 2146 2384 2206 qualem

120 2213 350 2260 lunicolae
382 2213 637 2261 observant.

299 2279 394 2325 153.
425 2279 556 2325 Duae
584 2279 853 2325 medietates
883 2284 991 2325 sunt
1021 2279 1138 2326 duae
1167 2283 1320 2338 partes
1359 2279 1496 2332 orbis,
1528 2292 1622 2325 una
1659 2278 1847 2336 antiqui,
1879 2278 2228 2325 cohaerentibus
2257 2278 2304 2324 in
2337 2292 2391 2325 eo

120 2345 323 2402 Europa,
354 2344 486 2402 Asia,
517 2345 699 2402 Africa,
730 2345 874 2391 altera
903 2346 1032 2402 novi,
1066 2347 1200 2402 cuius
1232 2356 1387 2404 partes
1421 2347 1658 2393 Americae
1689 2344 2058 2404 septentrionalis
2090 2351 2135 2390 et
2166 2345 2391 2392 australis.

123 2411 254 2469 Quod
286 2417 438 2456 autem
483 2411 721 2458 discrimen
754 2413 843 2458 hoc
879 2412 1174 2459 medietatum
1205 2413 1419 2460 restrinxi
1459 2414 1517 2459 ad
1548 2413 1903 2471 septentrionem
1936 2412 2104 2469 magis,
2147 2412 2194 2458 id
2224 2412 2393 2459 factum

123 2485 386 2538 propterea,
429 2479 535 2536 quia
564 2478 889 2538 Magellanica‚
934 2478 1165 2525 fusissima
1194 2493 1277 2538 per
1307 2485 1511 2526 austrum
1541 2480 1693 2538 regio,
1737 2478 1967 2534 incognita
1997 2483 2067 2524 est
2097 2483 2143 2524 et
2171 2486 2393 2536 perpetua

124 2545 364 2591 continens
403 2558 505 2591 esse
546 2552 778 2603 censetur,
821 2551 1011 2591 extensa
1049 2545 1096 2590 in
1134 2551 1375 2604 utrumque
1407 2545 1811 2604 hemisphaerium,
1857 2550 1951 2590 tam
1990 2543 2095 2590 novi
2149 2558 2284 2602 quam
2319 2556 2394 2590 ve-

126 2611 237 2657 teris
268 2611 405 2657 orbis.

301 2678 395 2724 154.
429 2678 564 2724 Hunc
592 2680 928 2738 paragraphum
959 2681 1152 2739 allegavi
1182 2681 1229 2727 in
1249 2679 1581 2726 Dissertatione
1623 2693 1726 2725 cum
1757 2678 1936 2725 Nuncio
1970 2677 2161 2724 Galilaei
2191 2670 2392 2738 Sidereo,

124 2757 260 2803 qnam
302 2744 423 2790 edidi
460 2744 636 2802 Pragae
674 2757 791 2789 anno
827 2746 959 2802 1610,
1003 2746 1226 2803 simulque
1266 2751 1313 2791 et
1343 2759 1580 2792 censuram
1624 2744 1778 2790 addidi
1807 2744 2125 2790 necessariam.
2189 2746 2306 2799 (Vol.
2339 2748 2392 2790 11.

123 2827 167 2866 p.
198 2812 284 2857 496
316 2810 373 2867 s.)
435 2810 603 2856 Docuit
632 2823 703 2855 me
736 2810 979 2865 Galilaeus,
1011 2810 1132 2856 edita
1160 2812 1320 2857 Lunae
1362 2816 1408 2857 et
1438 2823 1600 2868 aspera
1637 2824 1729 2855 non
1768 2810 1972 2855 maculas
2014 2823 2116 2855 esse
2155 2810 2235 2855 sed
2267 2810 2401 2856 clari-t

123 2883 279 2933 tatem,
310 2876 415 2922 fusa
435 2889 541 2921 vero
572 2877 618 2921 in
641 2876 880 2934 depressas
909 2881 1064 2936 partes
1097 2891 1296 2935 aequora
1327 2878 1550 2934 nigricare
1580 2876 1952 2935 macularumque
1974 2876 2171 2935 speciem
2192 2876 2393 2922 induere.

126 2942 195 2989 Ad
229 2942 421 2988 eundem
453 2943 591 2999 igitur
619 2943 803 2987 modum
835 2942 969 2989 etiam
1001 2943 1058 2988 de
1089 2943 1293 2990 terrestri
1326 2943 1460 3000 globo
1493 2942 1786 2988 statuendum
1808 2948 1892 2999 est,
1926 2955 2142 2988 oceanum
2177 2947 2223 2986 et
2253 2941 2396 2986 maria

124 3008 257 3054 terris
294 3007 516 3055 interfusa
555 3008 879 3054 obscuritatem
917 3010 1129 3066 induere,
1176 3011 1461 3058 continentes
1500 3024 1608 3056 vero
1647 3015 1694 3056 et
1731 3010 1904 3057 insulas
1946 3011 2050 3056 luce
2081 3009 2200 3056 Solis
2232 3008 2394 3053 eximie

125 3073 502 3131 resplendescere.
566 3074 698 3132 Quod
737 3075 862 3133 prius
905 3076 950 3121 in
990 3077 1263 3123 contrariam
1294 3077 1462 3122 iveram
1495 3076 1789 3131 sententiam,
1830 3089 1968 3122 causa
1998 3075 2113 3120 haec
2144 3074 2248 3127 fuit,
2290 3074 2396 3130 quia

126 3140 295 3185 Terrae
325 3139 589 3197 superficies
618 3140 766 3186 varios
796 3140 942 3186 induit
972 3140 1170 3197 colores,
1203 3154 1348 3199 aquae
1388 3141 1542 3187 colore
1580 3154 1741 3187 vacare
1772 3142 2088 3186 censebantur.
2131 3138 2286 3183 Omnis
2318 3152 2395 3182 au-

124 3212 216 3250 tem
237 3205 359 3250 color
379 3206 576 3261 (praeter
595 3205 764 3262 album)
787 3206 953 3264 gradus
976 3210 1047 3251 est
1066 3208 1124 3253 ad
1147 3207 1439 3265 nigredinem.
1481 3207 1598 3252 Sunt
1619 3220 1726 3252 vero
1749 3204 2191 3263 resplendescentiae
2212 3203 2395 3249 luminis

126 3270 288 3316 solaris
330 3270 547 3326 analogae
592 3272 857 3318 obscuritati
899 3273 1266 3330 superficierum,
1311 3273 1432 3318 unde
1463 3272 1844 3329 repercutiuntur.
1906 3270 2045 3315 Aliud
2083 3274 2395 3325 argumentum

128 3335 478 3394 suppeditabant
508 3349 666 3394 aquae.
727 3338 843 3384 Nam
875 3344 1106 3395 utcunque
1138 3338 1238 3394 quis
1270 3339 1533 3396 superficies
1558 3339 1696 3395 J‘uxta
1726 3337 1915 3382 invicem
1947 3336 2119 3393 positas
2150 3335 2393 3395 intueatur,

125 3410 347 3449 terrarum
377 3407 423 3446 et
452 3414 686 3459 aquarum,
718 3415 897 3460 semper
926 3403 1189 3460 nigrescunt
1217 3409 1382 3456 terrae,
1416 3403 1658 3461 splendent
1687 3414 1847 3460 aquae.
1890 3402 2263 3458 Experimentum
2293 3402 2394 3448 vide

126 3469 171 3513 in
202 3466 391 3525 Opticis‚
429 3474 610 3523 captum
640 3479 698 3511 ex
728 3466 905 3525 Styriae
936 3469 1131 3524 quodam
1162 3475 1314 3513 monte
1348 3468 1564 3523 Schekel‚
1604 3467 1795 3525 inspecti
1838 3466 1963 3511 fluvii
1995 3468 2169 3525 Murae,
2200 3467 2277 3513 fol.
2308 3469 2391 3515 251

130 3535 237 3591 (vol.
269 3537 325 3576 11.
354 3549 398 3589 p.
432 3536 557 3589 287).
618 3533 790 3578 Nitoris
822 3547 1004 3579 causam
1035 3535 1303 3591 reputabam
1342 3534 1706 3591 aequabilitatem
1749 3533 2004 3590 superficiei
2036 3533 2319 3591 specularem
2348 3534 2395 3579 in

129 3601 274 3657 aquis,
304 3598 596 3657 asperitatem
627 3599 672 3644 in
703 3598 853 3644 terris.
893 3598 1068 3644 Multus
1100 3611 1199 3643 sum
1229 3598 1274 3643 in
1297 3598 1480 3656 Optices
1503 3598 1716 3656 capite1.
1748 3598 1795 3644 in
1825 3598 1984 3643 harum
2017 3612 2254 3646 causarum
2285 3613 2395 3646 con-

130 3666 440 3725 templatione.

302 3733 357 3778 In
387 3742 607 3790 praesens
637 3730 774 3788 igitur
805 3729 1092 3777 dissolvenda
1111 3728 1222 3774 mihi
1253 3732 1360 3774 sunt
1390 3733 1657 3785 argumenta
1692 3727 1783 3774 ista
1815 3729 1955 3786 (quod
1977 3730 2111 3775 etiam
2142 3730 2231 3776 feci
2251 3730 2396 3775 brevi·

131 3798 217 3844 bus
253 3797 301 3843 in
331 3796 661 3844 Dissertatione
691 3796 722 3841 f.
757 3798 828 3843 15.
881 3800 978 3844 Vol.
1012 3800 1061 3838 11.
1103 3811 1146 3851 p.
1177 3798 1284 3853 495)
1325 3795 1668 3852 rationibusque
1711 3795 1983 3842 stabilienda
2019 3797 2244 3842 sententia
2287 3810 2392 3842 con-

131 3864 293 3924 traria,
338 3877 474 3925 quam
513 3864 561 3910 in
598 3864 931 3911 Dissertatione
987 3861 1166 3909 laudavi
1206 3876 1234 3909 a
1272 3861 1476 3909 Galilaeo
1514 3861 1810 3921 propositam.
1874 3861 2007 3920 Quod
2046 3862 2184 3921 igitur
2231 3863 2394 3911 attinet
