2652 4088
1035 178 1083 225 in
1113 178 1231 225 Orbe
1260 177 1436 226 Lunae.
2284 169 2352 234 81

108 346 139 380 a
174 336 349 379 natura
403 330 495 379 sibi
543 330 775 379 tributum
823 327 1006 390 locum,
1060 336 1230 392 utpote
1267 331 1428 393 ipsum
1467 327 1695 378 medium.
1769 326 1865 376 Hic
1903 327 2032 376 enim
2083 330 2178 388 est,
2231 328 2359 376 cirea

107 418 253 467 quem
293 405 455 452 omnia
492 402 708 466 pondera
747 409 912 451 contra
950 417 1001 451 se
1039 410 1209 452 mutuo
1247 405 1465 451 nituntur
1489 402 1744 465 gravitatis
1769 402 2023 450 momentis
2052 398 2188 450 etad
2215 414 2360 463 quem

109 477 324 525 feruntur
363 483 411 525 et
450 476 697 524 confluunt
736 475 819 523 illa
855 475 1194 538 undequaque.
1273 475 1339 524 At
1375 490 1585 539 superna
1620 476 1756 537 regio
1796 475 1974 535 omnis,
2018 476 2111 523 etsi
2148 479 2358 522 terreum

106 549 291 612 aliquid
316 550 517 612 recipiat
543 563 733 597 sursum
759 563 1029 608 excussum,
1070 550 1234 597 statim
1260 549 1410 611 elidit,
1432 549 1527 597 huc
1553 547 1800 611 reiectum,
1842 562 1929 596 seu
1953 549 2117 610 potius
2142 545 2359 610 dimittit,

110 630 163 671 ut
201 622 249 670 id
289 624 492 685 propriis
530 623 784 686 gravitatis
823 623 1080 670 momentis
1120 636 1176 670 eo
1217 621 1469 683 deferatur,
1511 625 1740 685 quorsum
1778 626 1953 669 natura
1990 621 2160 683 vergit.

108 695 187 743 Ad
235 696 357 744 haec
394 696 525 758 Eg0,
579 709 687 743 cum
733 694 884 743 Lucio
936 709 1119 743 moram
1170 695 1470 758 suppeditari
1521 694 1697 744 vellem
1749 694 1812 743 ad
1857 708 1910 742 se
1962 692 2359 756 recolligendum,

107 768 356 817 Theonem
395 768 648 826 allocutae,
689 769 799 829 quis
837 769 1035 830 inquam
1074 770 1381 830 tragicorum,
1423 783 1450 817 o
1478 767 1664 830 Theon,
1703 766 1762 818 de
1801 766 2000 816 medicis
2039 765 2186 829 dixit,
2227 765 2359 830 quod

107 841 346 890 Remedio
383 856 564 888 amaro
603 841 749 888 bilem
790 856 1027 889 amaram
1066 841 1304 889 diluant?

0 957 2 972 ι
280 915 342 962 Et
380 913 634 961 Theone
672 913 1022 976 respondente,
1078 914 1369 977 Sophoclem
1409 927 1543 974 esse,
1593 910 1806 961 dandum
1850 911 1944 960 hoc
1983 910 2107 972 illis,
2160 913 2363 974 inquam

20 1039 24 1042 ,
109 987 239 1049 Eg0‚
280 1002 340 1035 ex
364 987 668 1034 necessitate.
731 987 798 1034 At
821 1001 918 1035 non
957 993 1070 1035 sunt
1108 990 1177 1036 sic
1216 995 1264 1036 et
1301 985 1581 1050 philosophi
1619 983 1875 1044 audiendi³‚
1916 983 2110 1048 quando
2150 983 2363 1033 absurda

3 1068 6 1082 ·
112 1059 334 1108 absurdis
373 1059 482 1108 aliis
521 1060 645 1107 tueri
686 1062 917 1120 nituntur,
959 1067 1006 1109 et
1044 1059 1238 1123 quando
1267 1062 1336 1108 sic
1360 1062 1648 1122 impugnant
1673 1056 1913 1107 mirabilia
1939 1056 2144 1105 aliorum
2166 1056 2362 1119 placita,

0 1136 6 1205 ἱ*
107 1139 163 1180 ut
200 1134 292 1195 ipsi
331 1131 630 1179 mirabiliora
667 1138 715 1180 et
752 1135 990 1195 ineptiora
1031 1133 1323 1196 confingant.
1386 1130 1452 1181 Ut
1487 1133 1569 1179 isti
1609 1131 1805 1193 quidem
1829 1144 1970 1179 suum
2009 1129 2144 1178 illum
2181 1137 2363 1178 motum

0 1212 7 1250 l,
112 1204 175 1254 ad
211 1204 423 1254 medium
463 1204 724 1265 inducunt,
778 1208 825 1252 in
866 1220 963 1268 quo
1009 1206 1126 1268 quid
1162 1220 1259 1254 non
1297 1211 1369 1254 est
1419 1203 1771 1253 absurditatis?
1827 1203 2000 1252 Nonne
2040 1205 2168 1251 enim
2207 1217 2265 1252 ex
2307 1217 2364 1251 eo

8 1276 10 1287 i
108 1279 340 1340 sequitur,
380 1278 578 1326 Terram
618 1292 723 1326 esse
764 1278 945 1342 figurae
984 1279 1264 1341 globosae,
1300 1294 1406 1328 cum
1445 1278 1532 1326 illa
1569 1283 1729 1327 tantas
1773 1276 1954 1326 habeat
1991 1275 2362 1339 profunditates„

108 1357 294 1400 tantam
334 1351 769 1413 inaequalitatem?
831 1353 1002 1400 Nonne
1042 1352 1300 1415 antipodas
1339 1354 1388 1398 in
1427 1366 1486 1399 ea
1523 1350 1760 1412 habitare,
1808 1350 1891 1413 <lui
1930 1351 1979 1396 in
2017 1363 2198 1398 morem
2239 1355 2366 1398 tere-

110 1423 274 1472 dinum
313 1431 398 1473 aut
436 1427 657 1472 cimicum
707 1425 885 1473 inferas
923 1431 1085 1487 partes
1124 1440 1312 1474 sursum
1353 1429 1569 1484 vertant,
1618 1424 1797 1473 Terrae
1835 1418 2366 1484 adhaerescerites¹'²)‘1>

109 1496 215 1545 Nos
254 1511 372 1545 vero
412 1497 631 1546 homines
669 1512 765 1545 non
805 1500 948 1546 rectis
987 1498 1179 1562 angulis
1219 1513 1363 1562 super
1403 1513 1461 1547 ea
1498 1497 1735 1558 incedere,
1775 1495 1861 1546 sed
1898 1496 2157 1544 inclinatos
2190 1495 2370 1545 obver-

109 1571 222 1631 sari,
263 1571 555 1618 abnutantes
594 1571 655 1619 ab
694 1572 917 1633 invicem,
958 1572 1111 1621 veluti
1151 1574 1234 1635 qui
1273 1574 1422 1620 simus
1449 1569 1605 1620 ebrii?
1651 1571 1824 1619 Nonne
1851 1584 2038 1618 massas
2063 1569 2369 1618 millenorum

14 1634 15 1641 ἵ
80 1641 417 1704 'talentorum,
458 1646 499 1692 si
537 1658 620 1706 per
658 1646 834 1692 terreni
872 1645 1006 1707 globi
1044 1645 1335 1708 profundum
1373 1645 1600 1706 ferantur,
1639 1650 1693 1693 ut
1730 1644 1934 1707 primum
1973 1644 2224 1706 attigerint
2262 1656 2367 1691 me·

15 1722 51 1768 .’
109 1714 266 1777 dium,
321 1721 585 1766 consistere
622 1716 758 1765 nulla
801 1733 850 1767 re
891 1725 1194 1780 occurrente,
1248 1718 1384 1766 nulla
1422 1732 1580 1781 neque
1620 1715 1958 1766 sustentante?
2023 1714 2209 1778 Quodsi
2249 1714 2368 1778 quid

102 1789 287 1853 impetu
326 1790 577 1854 delapsum
616 1793 916 1853 superaverit
954 1791 1194 1853 medium,
1233 1806 1421 1840 rursum
1460 1804 1603 1840 verso
1640 1797 1778 1839 motu
1822 1804 2063 1839 recurrere
2101 1788 2366 1838 identidem

19 1882 22 1896 v
60 1889 68 1902 ι
61 1861 172 1910 'ad
210 1865 368 1926 ipsum
406 1878 534 1926 vago
561 1863 735 1912 motu?
784 1864 955 1915 Nonne
995 1872 1247 1928 segmenta
1285 1865 1344 1914 de
1383 1864 1604 1913 trabibus
1640 1870 1828 1913 resecta
1867 1878 1928 1912 ex
1952 1869 2159 1925 utroque
2185 1862 2364 1912 Terrae

20 1920 76 2004 ᾗ
106 1935 257 1984 latere
298 1939 493 1985 omnino
531 1951 629 1984 non
668 1937 894 1986 deorsum
933 1938 1118 2000 cadere,
1158 1938 1243 1988 sed
1283 1939 1345 1987 ab
1371 1939 1652 1987 extrinsecis
1691 1937 1925 1986 lateribus
1951 1935 2015 1986 ad
2041 1935 2239 1985 Terram
2279 1949 2365 1984 ac-

21 2015 68 2077 '7ss
108 2009 266 2057 cidere
319 2011 381 2058 ab
430 2025 584 2073 caque
637 2009 853 2059 distineri
907 2018 954 2060 et
1002 2011 1172 2076 repelli
1224 2014 1350 2061 circa
1397 2010 1608 2060 medium
1659 2010 1794 2074 globi
1846 2009 2131 2073 cingulum?
2191 2009 2364 2059 Nonne

63 2081 73 2106 ⁸
109 2094 287 2144 aquam
327 2098 352 2132 e
390 2083 538 2131 situla
575 2084 792 2145 effusam,
831 2086 872 2132 si
910 2086 1044 2133 fluxu
1071 2085 1295 2134 deorsum
1334 2085 1515 2134 feratur
1540 2091 1869 2148 punctumque
1896 2082 2109 2132 medium
2136 2084 2362 2146 attingat,

110 2156 243 2218 quod
283 2157 361 2204 isti
401 2157 584 2206 faciunt
624 2159 979 2220 incorporeum,
1034 2160 1102 2207 ibi
1148 2160 1253 2206 sisti
1291 2160 1438 2221 inque
1478 2158 1643 2207 orbem
1683 2155 1922 2206 confluere
1962 2162 2010 2205 et
2049 2157 2364 2216 commisceri,

47 2222 73 2249 Ψ
110 2230 234 2276 circa
273 2229 439 2292 polum
478 2230 613 2278 illum
651 2230 976 2280 indesinenter
1002 2230 1223 2280 attollere
1256 2247 1418 2290 aquam
1451 2234 1722 2279 contrariam
1754 2229 2178 2292 indesinenterque
2205 2228 2366 2278 attolli

26 2301 27 2305 ’
108 2301 441 2364 pendentem?
504 2303 611 2351 Non
652 2305 777 2352 enim
817 2319 876 2353 ne
915 2305 1040 2354 falsa
1079 2305 1275 2367 quidem
1317 2305 1611 2367 cogitatione
1651 2305 1760 2365 cogi
1798 2309 1966 2366 posset
2012 2302 2189 2366 aliquis
2201 2339 2217 2364 ,
2263 2304 2368 2366 ipse

109 2374 278 2422 horum
329 2376 495 2438 aliqua
532 2383 586 2424 ut
623 2377 876 2439 possibilia
929 2379 1021 2427 sibi
1076 2377 1344 2441 imaginari.
1420 2376 1658 2425 Nimirum
1697 2377 1791 2425 hoc
1829 2383 1902 2426 est
1947 2380 2137 2426 summa
2173 2377 2281 2424 imis
2320 2381 2369 2425 et

113 2449 211 2496 ima
258 2452 458 2497 summis
509 2452 671 2498 omnia
718 2452 930 2499 vicissim
981 2466 1125 2501 versa
1171 2465 1298 2511 esse,
1354 2452 1470 2513 quia
1516 2465 1642 2512 quae
1682 2465 1836 2512 usque
1887 2450 1951 2499 ad
1989 2449 2200 2499 medium
2241 2455 2366 2511 sunt,

110 2528 386 2570 statuuntur
424 2523 587 2585 infera,
632 2538 758 2586 quae
798 2539 915 2573 vero
955 2525 1082 2572 ultra
1118 2524 1330 2573 medium
1369 2539 1398 2572 a
1425 2524 1580 2584 nobiS‚
1619 2538 1809 2572 rursum
1847 2537 2038 2587 supera.
2112 2523 2288 2586 Itaque
2327 2524 2370 2571 si

113 2597 234 2657 quis,
274 2598 490 2658 patiente
516 2596 683 2656 Terra,
723 2597 934 2646 medium
972 2599 1127 2661 ipsius
1167 2597 1447 2646 umbilicum
1478 2598 1702 2646 obtinens
1743 2599 2040 2658 consisteret,
2081 2597 2122 2644 is
2150 2596 2371 2645 simulet

63 2690 88 2735 ᾗ
111 2675 256 2730 caput
294 2684 483 2717 sursum
524 2678 572 2719 et
611 2669 759 2732 pedes
798 2673 913 2720 item
953 2686 1141 2720 sursum
1181 2672 1411 2733 haberet3
1453 2675 1500 2719 et
1538 2669 1776 2733 siquidem
1803 2670 1998 2720 effodiat
2037 2669 2197 2719 locum
2237 2669 2366 2718 ulte-

112 2742 300 2805 riorem,
341 2744 599 2791 incurvans
638 2758 716 2804 se,
758 2743 956 2804 (humus
995 2760 1142 2808 supra
1180 2743 1361 2808 ipsum)
1402 2748 1530 2793 esset
1568 2750 1615 2792 et
1655 2742 1877 2792 deorsum
1917 2760 1946 2792 a
1983 2743 2092 2792 loco
2131 2744 2367 2807 superiori

114 2812 359 2864 tolleretur
411 2822 592 2877 egesta.
670 2815 857 2878 Quodsi
902 2818 1016 2867 huic
1068 2818 1193 2867 alius
1241 2818 1483 2881 quispiam
1535 2819 1825 2866 contrarium
1877 2818 2137 2880 vestigium
2186 2830 2367 2881 ponere

119 2888 368 2951 cogitetur,
408 2890 658 2953 utriusque
696 2890 847 2953 pedes
884 2905 1074 2939 sursum
1113 2897 1253 2941 erunt
1290 2897 1337 2940 et
1376 2890 1594 2940 dicentur
1631 2904 1751 2940 esse.

283 2960 380 3010 Tot
427 2969 766 3026 tantorumque
813 2962 1132 3013 absurdorum
1183 2964 1465 3028 dogmatum
1503 2962 1576 3011 illi
1627 2977 1724 3012 non
1775 2977 1851 3012 me
1895 2961 2089 3026 Jupiter
2139 2961 2366 3026 explora-

61 3026 322 3110 ξνίὶοηοω,
375 3034 461 3084 sed
507 3037 893 3099 praestigiatoris
947 3036 1157 3100 alicujus
1203 3044 1493 3101 apparatum
1543 3041 1591 3084 et
1641 3038 1943 3100 proscenium
1993 3051 2023 3084 a
2070 3041 2205 3099 tergo
2258 3050 2366 3083 cum

110 3102 326 3156 habeant
361 3108 732 3172 attrahantque‚
780 3112 1004 3160 incusant
1043 3109 1194 3172 alios,
1248 3110 1379 3173 quod
1421 3109 1607 3158 Lunam
1655 3117 1856 3159 terream
1904 3109 2137 3158 facientes
2176 3122 2366 3156 sursum

48 3189 449 3546 &ammonam
485 3182 652 3245 ibique
679 3182 943 3243 collocent,
987 3183 1070 3232 ubi
1109 3183 1322 3233 medium
1360 3197 1455 3231 non
1497 3188 1583 3231 est.
1661 3183 1726 3230 At
1765 3184 1891 3231 enim
1929 3183 1970 3229 si
2013 3196 2152 3230 omne
2193 3195 2366 3243 corpus

149 3252 438 3303 onderosum
475 3256 523 3302 in
574 3269 627 3304 se
665 3255 823 3319 ipsum
876 3255 1123 3320 colligitur
1161 3262 1209 3306 et
1247 3270 1417 3305 versus
1462 3257 1540 3304 sui
1580 3256 1729 3317 ipsius
1773 3253 1984 3302 medium
2025 3254 2247 3302 omnibus
2287 3255 2364 3301 sui

152 3325 338 3374 artibus
375 3340 428 3375 se
467 3328 624 3390 ipsum
650 3329 981 3377 contrafulcit:
1023 3328 1116 3378 hoc
1155 3328 1377 3391 equidem
1417 3334 1562 3390 paeto
1590 3328 1754 3384 Terra,
1795 3341 1889 3375 non
1930 3328 1978 3373 in
2019 3332 2251 3389 quantum
2293 3332 2367 3374 est

59 3426 61 3429 -
135 3398 262 3446 otius
302 3400 513 3448 universi
553 3399 735 3461 media,
775 3400 862 3450 sed
899 3403 948 3448 in
988 3407 1222 3463 quantum
1262 3407 1335 3450 est
1371 3403 1479 3464 ipsa
1517 3406 1670 3448 totum
1709 3400 1916 3462 aliquid,
1958 3399 2234 3448 conciliabit
2271 3400 2365 3448 sibi

106 3475 164 3529 {ct
200 3469 380 3519 alliciet
418 3470 645 3534 pondera,
686 3479 739 3520 ut
775 3478 937 3536 partes
976 3474 1050 3520 sui
1091 3475 1260 3535 ipsius.
1310 3473 1372 3520 Et
1410 3479 1745 3534 argumentum
1785 3486 1955 3535 capere
1992 3472 2134 3520 facile
2175 3474 2263 3521 erit
2302 3473 2364 3521 ab

98 3541 222 3605 ·ipsa
272 3546 580 3608 proportione
633 3546 933 3606 vergentium
981 3559 1172 3593 sursum
1222 3545 1301 3593 vel
1342 3545 1588 3606 deorsum,
1642 3559 1736 3592 non
1776 3559 1834 3593 ea
1882 3543 1989 3593 dico
2035 3547 2363 3608 proportione,

119 3629 244 3677 quae
283 3624 358 3665 est
396 3617 457 3666 ad
494 3617 802 3667 medietatem
841 3616 1022 3675 mundi,
1064 3617 1146 3665 sed
1188 3632 1313 3680 quae
1340 3617 1503 3666 estad
1531 3618 1914 3666 communionem
1953 3624 2000 3667 et
2027 3621 2365 3683 cognationem

121 3701 228 3737 cum
267 3690 413 3739 Terra
466 3705 657 3751 eorum,
710 3705 835 3753 quae
888 3689 1183 3738 revelluntur
1229 3691 1291 3739 ab
1331 3690 1417 3740 illa
1453 3697 1720 3753 posteaque
1769 3705 1954 3739 rursum
2004 3692 2064 3741 ad
2103 3693 2237 3742 illam
2277 3692 2365 3742 de—

120 3762 387 3812 trahuntur.
465 3763 881 3825 Quemadmodum
932 3765 1058 3811 enim
1097 3763 1179 3811 Sol
1220 3765 1268 3810 in
1322 3777 1429 3812 sese
1479 3765 1715 3812 convertit
1753 3764 2040 3826 particulas,
2090 3781 2148 3815 ex
2188 3766 2364 3829 quibus

123 3833 225 3898 ipse
264 3843 477 3896 constat,
530 3838 601 3885 sic
640 3838 785 3885 etiam
824 3836 972 3884 Terra
1012 3836 1226 3898 lapidem
1273 3843 1503 3898 tanquam
1542 3835 1686 3900 (sinui
1726 3835 1834 3902 suo)
1873 3840 2239 3888 convenientem
2279 3853 2365 3887 ex-

108 3913 285 3971 tceptat
322 3916 370 3959 et
406 3910 496 3959 fert
533 3910 594 3957 ad
635 3909 784 3960 illum.
860 3907 980 3959 Inde
1021 3908 1143 3959 adeo
1183 3924 1410 3959 successu
1449 3911 1678 3973 temporis
1717 3912 1877 3959 unitur
1912 3910 1982 3959 illi
2020 3911 2193 3961 horum
2218 3926 2366 3961 unum

206 3993 363 4037 chlori
384 3993 509 4035 open
530 3994 632 4030 vm.
1995 3995 2021 4040 6
