2652 4088
1014 119 1099 168 111.
1129 120 1462 168 Astronomica.
2251 115 2358 174 283

281 270 396 321 1)υο
434 284 548 335 ergo
586 270 798 335 insignia
834 274 993 322 errata
1030 272 1196 326 insunt
1232 273 1284 321 in
1318 271 1413 323 hac
1450 269 1685 334 Scaligeri
1736 267 2171 333 argumentatione,
2245 263 2358 314 Pri-

26 360 58 370 *
109 357 255 405 mum,
295 343 427 406 quod
466 343 616 394 credit
652 344 907 394 assertioni
946 343 1162 406 Eudoxi,
1202 346 1287 409 qui
1321 344 1515 396 stellam
1552 343 1769 408 polarem
1810 342 1930 391 dixit
1967 341 2136 405 polum
2171 337 2358 392 mundi.

108 418 183 466 Ex
220 416 315 466 hoc
351 417 494 467 infert
531 416 769 481 Scaliger,
823 416 1028 468 eandem
1078 420 1381 469 vicinitatem
1431 424 1548 468 tunc
1593 417 1826 467 habuisse
1863 414 1926 464 ad
1963 414 2156 478 polum,
2207 426 2354 477 quam

108 489 257 539 habet
292 490 453 541 hodie.
530 489 598 539 At
635 505 719 540 cur
754 504 852 539 non
890 505 982 555 ego
1022 506 1178 555 aeque
1224 492 1369 542 facile
1407 497 1456 542 et
1502 491 1649 555 longe
1688 487 1886 553 quidem
1924 486 2260 548 verisimilius,
2311 487 2353 534 si

14 571 15 622 ξ
108 562 273 613 verbis
309 562 502 612 Eudoxi
537 563 898 625 inhaerendum,
937 565 1143 627 credam,
1183 570 1299 615 tunc
1335 567 1386 613 in
1424 567 1530 628 ipso
1567 563 1683 628 polo
1719 562 1887 624 fuisse,
1927 560 2022 610 hue
2047 574 2201 624 usque
2235 573 2353 610 vero

42 659 49 662 -
109 634 174 684 ad
212 636 454 686 tantulum
490 638 703 700 spatium
741 653 772 686 a
806 636 921 702 polo
959 644 1234 702 promotam
1274 644 1322 688 et
1359 640 1429 688 sic
1453 652 1550 687 non
1576 640 1828 687 immotam
1853 649 1960 686 esse
1984 640 2210 696 respectu
2234 631 2352 696 poli,

42 730 54 739 κ
109 708 242 772 quod
283 715 357 758 est
394 711 686 759 contrarium
724 711 845 773 ejuS‚
885 711 1019 774 quod
1054 712 1135 761 hic
1174 713 1365 775 quaerit
1402 710 1655 774 Scaliger?
1706 710 1802 759 Cur
1839 723 1937 758 non
1976 707 2113 757 audit
2137 706 2358 770 Hippar-

16 793 17 799 ’
61 810 66 813 -
109 781 253 830 chum
288 781 520 846 Scaliger,
574 797 786 832 crassam
824 783 1017 834 Eudoxi
1055 788 1423 835 annotationem
1461 785 1785 834 astronomice
1833 782 2154 845 castigantem
2191 778 2356 829 seculo

16 904 17 922 γ
109 856 335 918 proximo
372 861 487 918 post
522 855 803 918 Eudoxum,
858 859 942 920 qui
978 858 1172 908 stellam
1205 858 1425 923 polarem
1462 852 1561 907 non
1599 859 1648 904 in
1686 856 1829 920 p010,
1868 869 1966 904 non
2007 850 2064 903 3⁰
2099 858 2154 901 ut
2191 852 2353 915 hodie,

28 934 35 937 ’
107 926 196 976 sed
243 927 372 976 ultra
412 926 505 976 12⁰
540 943 572 976 a
609 929 724 991 polo
763 930 942 980 distare
980 931 1193 982 asserit?
1269 932 1366 981 Cur
1409 945 1509 981 non
1559 944 1731 980 causas
1780 927 2087 993 pronunciati
2131 925 2357 975 Eudoxei

17 1002 19 1035 ἑ
109 1001 440 1064 circumspicit
475 1000 733 1064 Scaliger?
795 1002 979 1053 Stellae
1019 1005 1281 1068 pleraeque
1328 1004 1456 1055 aliae
1495 1003 1778 1069 Cynosurae
1818 999 2023 1051 circulos
2061 998 2357 1048 sensibiliter

106 1073 317 1136 majores
357 1075 485 1123 circa
519 1075 690 1137 polum
727 1074 1081 1140 describebant,
1117 1079 1222 1141 jam
1260 1093 1409 1142 supra
1445 1077 1664 1141 polarem
1689 1077 1842 1136 visae,
1877 1075 1982 1138 jam
2019 1072 2157 1134 insta,
2194 1072 2297 1134 jam
2324 1087 2354 1122 a

17 1143 21 1203 ἶ
109 1147 303 1207 dextriS,
343 1147 443 1210 jam
468 1162 499 1196 a
523 1149 747 1210 sinistriS,
787 1163 897 1198 cum
936 1165 961 1200 e
990 1157 1160 1200 contra
1196 1152 1340 1215 polus
1378 1153 1484 1215 ipse
1522 1150 1657 1198 nullo
1696 1151 1836 1211 signo
1877 1146 2030 1196 oculis
2069 1145 2356 1207 subjiciatur

107 1219 173 1269 ad
220 1222 429 1283 primum
477 1222 720 1270 intuitum.
809 1222 922 1271 Non
968 1226 1142 1273 mirum
1191 1228 1384 1287 itaque,
1435 1226 1477 1274 si
1527 1223 1761 1272 Eudoxus
1819 1220 2024 1284 vulgum
2082 1217 2356 1267 eruditurus

20 1341 21 1347 ,
107 1292 326 1357 polarem
363 1293 461 1342 illis
500 1294 711 1344 ostendit
747 1295 939 1345 stellam
976 1312 1064 1360 pro
1103 1299 1244 1362 signo
1282 1298 1401 1361 poli.
1478 1296 1616 1346 Alter
1655 1310 1784 1346 error
1820 1295 2025 1357 insignis
2061 1291 2208 1354 hujus
2245 1290 2356 1353 loci,

108 1366 268 1431 quod,
318 1368 481 1430 posito
534 1382 651 1418 vero
703 1369 1031 1433 antecedenti,
1085 1370 1303 1434 Scaliger
1339 1385 1494 1435 genus
1533 1371 1814 1418 universum
1852 1367 2021 1428 infert,
2062 1379 2171 1414 cum
2209 1379 2356 1414 unam

104 1439 262 1489 solam
298 1442 511 1503 speciem
536 1440 734 1491 deberet
759 1444 954 1493 inferre:
997 1444 1256 1506 concludit,
1297 1443 1444 1507 plane
1481 1457 1579 1492 non
1605 1443 1806 1504 moveri,
1848 1455 1957 1491 cum
1994 1439 2150 1503 possit
2175 1437 2357 1487 nihilo-

22 1509 23 1514 ’
103 1515 263 1562 minus
301 1516 488 1563 moveri
538 1516 585 1562 in
630 1516 866 1578 parallelo
913 1517 1304 1580 aequinoctialis.
1376 1518 1489 1567 Non
1527 1531 1640 1581 ergo
1682 1517 1839 1564 omnis
1875 1518 2037 1564 motus
2074 1512 2279 1562 fixarum
2306 1513 2356 1561 in

20 1571 23 1592 ¹
105 1589 456 1650 consequentia
493 1587 833 1652 destrueretur,
872 1595 928 1639 ut
963 1590 1200 1654 gloriatur
1235 1590 1455 1654 Scaliger
1492 1606 1545 1640 se
1585 1589 1896 1640 destruxisse.

23 1718 25 1726 y
274 1659 381 1723 Ego
419 1675 552 1723 vero,
590 1664 741 1712 missa
777 1662 971 1713 Eudoxi
1009 1679 1175 1714 crassa
1200 1669 1249 1713 et
1270 1665 1497 1729 populari
1525 1665 1859 1729 annotatione,
1898 1675 2044 1726 quam
2066 1657 2356 1709 Eratosthe-

102 1747 191 1782 nes
228 1747 327 1783 non
363 1737 559 1797 propria
596 1738 903 1799 auctoritate,
943 1737 1030 1787 sed
1069 1740 1340 1788 imitatione
1380 1737 1488 1787 sola
1523 1737 1717 1786 Eudoxi
1755 1735 2009 1797 stabilivit,
2050 1747 2206 1796 eaque
2246 1747 2355 1782 cor-

100 1811 235 1856 recta
272 1821 333 1856 ex
370 1807 678 1871 Hipparcho,
734 1811 818 1873 qui
868 1825 1018 1874 penes
1070 1817 1376 1862 astronomos
1425 1812 1534 1875 jure
1587 1824 1776 1860 summo
1827 1811 1988 1874 potior
2024 1807 2230 1856 Eudoxo
2281 1811 2357 1856 est

101 1885 297 1942 auctor,
338 1883 716 1945 argumentabor
752 1885 847 1945 sie,
895 1884 1046 1935 verba
1083 1885 1322 1948 Scaligeri
1359 1890 1611 1934 mutuatus
1650 1899 1710 1933 ex
1747 1883 1831 1933 fol.
1875 1887 1967 1933 31:
2015 1880 2144 1931 Cum
2181 1886 2350 1930 osten-

99 1953 323 2003 derimus
370 1954 655 2018 (collatione
703 1958 1034 2008 annotationis
1083 1958 1357 2022 Hipparchi
1419 1973 1529 2008 cum
1583 1957 2010 2008 observationibus
2060 1947 2349 2023 hodiernis),

97 2028 293 2076 stellam
324 2024 370 2076 G
403 2029 523 2077 olim
560 2030 762 2093 lonyius
797 2047 832 2080 a
861 2032 985 2094 polo
1023 2035 1295 2094 recessisse,
1347 2047 1507 2096 quam
1543 2032 1687 2082 hodie
1724 2031 1950 2092 videtur,
1999 2043 2115 2091 erqo
2146 2043 2244 2090 per
2268 2030 2353 2090 ip-

97 2114 210 2149 sam
244 2103 637 2163 propositionem
672 2104 837 2153 stellas
875 2107 932 2153 in
969 2108 1324 2169 consequentia
1363 2109 1581 2166 moveri,
1640 2106 1836 2154 omnino
1876 2109 1949 2154 est
1987 2101 2249 2166 possibile3
2303 2105 2352 2150 et

25 2164 28 2180 '
100 2175 216 2236 quia
251 2176 457 2224 mutatio
496 2174 756 2226 distantiae
794 2192 826 2227 a
861 2177 978 2241 polo
1019 2181 1239 2229 consistit
1276 2181 1404 2228 intra
1445 2176 1560 2241 10⁰,
1614 2191 1722 2227 cum
1769 2183 1875 2226 tota
1912 2171 2103 2226 zodiaci
2139 2177 2352 2238 puncto-

97 2261 205 2295 rum
240 2248 291 2295 in
330 2246 562 2297 distantia
599 2264 630 2299 a
665 2250 780 2313 polo
819 2253 1033 2301 varietas
1074 2250 1169 2302 47⁰
1206 2253 1570 2316 complectatur,
1608 2251 1720 2301 ideo
1757 2265 1947 2300 rursum
1984 2249 2220 2313 possibile
2260 2254 2349 2311 est,

98 2319 225 2369 hanc
261 2322 617 2371 successionem
654 2323 907 2374 stellarum
943 2327 995 2372 in
1021 2328 1371 2390 consequentia
1395 2326 1500 2376 fieri
1533 2324 1799 2375 secundum
1828 2322 2119 2389 parallelum
2145 2319 2349 2382 zodiaci,

98 2400 146 2442 et
180 2394 334 2443 anilis
373 2410 435 2443 ac
470 2399 750 2459 nuyatoria
801 2404 870 2446 est
905 2399 1184 2465 (contraria)
1238 2402 1437 2462 opime,
1491 2414 1810 2462 quamquam
1863 2397 2116 2447 vindicem
2170 2394 2351 2444 habeat

32 2523 34 2542 Ι
98 2481 337 2516 summum
364 2470 521 2517 virum
547 2469 865 2533 Scaligerum.
930 2470 1060 2534 Quid
1095 2488 1224 2522 nunc
1256 2473 1443 2523 hiscere
1469 2472 1672 2522 audebit
1709 2471 1939 2535 Scaliger,
1981 2471 2071 2533 qui
2096 2475 2202 2518 tam
2223 2483 2348 2530 per-

32 2591 35 2602 2
98 2542 331 2590 tinaciter
366 2541 610 2607 defendit,
659 2544 796 2606 quod
830 2546 1075 2608 i9norat?
1136 2546 1275 2594 Nam
1327 2546 1463 2609 quod
1505 2548 1630 2595 sciat
1667 2551 1813 2607 certo,
1862 2544 2068 2593 nullum
2103 2542 2346 2605 sphaerae

34 2629 35 2635 ’
98 2619 305 2664 octavae
353 2622 548 2665 motum
597 2619 656 2665 in
699 2622 1055 2681 consequentia
1102 2634 1198 2668 esse
1246 2619 1403 2682 (quod
1448 2619 1615 2669 thema
1650 2620 1811 2683 ipsum
1849 2617 1993 2667 facile
2046 2616 2248 2679 largior,
2302 2616 2345 2663 si

34 2728 36 2731 ,
97 2683 327 2750 legitimis
365 2703 423 2738 ex
461 2690 622 2738 causis
659 2691 930 2754 inseratur),
971 2697 1057 2741 aut
1084 2692 1303 2743 diversos
1341 2707 1447 2743 esse
1485 2692 1626 2756 polos
1667 2691 1834 2740 mundi
1872 2707 1902 2740 a
1924 2689 2052 2754 polis
2077 2690 2344 2752 aequinoc-

99 2760 243 2822 tialis,
282 2763 357 2810 ita
385 2762 681 2825 praedicat,
719 2764 805 2813 sed
840 2767 964 2828 quia
997 2781 1131 2828 puer
1168 2781 1348 2815 verum
1385 2767 1568 2815 discere
1603 2767 1842 2830 neylexit,
1894 2778 2060 2814 senem
2099 2778 2132 2811 a
2163 2763 2343 2824 pueris

98 2831 278 2883 discere
325 2840 412 2884 aut
459 2836 694 2898 puerilem
745 2852 952 2888 errorem
999 2840 1140 2888 fateri
1176 2840 1346 2902 pudet,
1422 2839 1666 2903 Quicquid
1716 2843 2071 2888 assentatorum
2110 2835 2344 2898 Scaligeri

98 2911 196 2968 est,
232 2907 330 2956 huc
366 2916 643 2958 concurrat
678 2917 725 2959 et
760 2926 941 2974 operas
989 2928 1109 2962 suas
1157 2914 1408 2977 conferat,
1461 2920 1521 2962 ut
1570 2912 1701 2962 illud
1747 2912 2042 2976 fabulosum
2090 2908 2343 2957 discrimen

96 2979 221 3029 inter
270 2980 436 3044 polum
480 2983 649 3031 mundi
700 2990 748 3033 et
783 2984 953 3048 polum
1000 2986 1397 3049 aequinoctialis,
1451 2991 1506 3035 ut
1555 2987 1911 3049 ineptissimam
1963 2983 2343 3034 confutationem

2 3071 3 3078 ¹
97 3058 257 3101 motus
297 3063 501 3105 octavae
539 3056 790 3119 sphaerae,
831 3064 1090 3108 tueantur.
1144 3059 1280 3108 Satis
1319 3074 1396 3109 eos
1433 3059 1741 3109 submovebit
1777 3057 2048 3121 Hipparchi
2087 3061 2135 3104 et
2172 3054 2344 3103 Ptole-

35 3127 37 3139 '
95 3126 223 3175 maei
271 3133 318 3175 et
358 3130 511 3179 totius
546 3133 808 3179 vetustatis
856 3134 1169 3195 omniumque
1222 3131 1566 3181 hodiernorum
1615 3137 2000 3181 astronomorum
2049 3130 2340 3177 auctoritas,

39 3204 42 3270 ξ
97 3197 332 3263 Profecto
365 3201 521 3265 furor
556 3209 639 3265 est,
678 3205 821 3252 nimis
858 3206 1078 3269 properis
1115 3205 1585 3254 ratiocinatiunculis
1624 3221 1654 3254 a
1680 3220 1732 3253 se
1771 3207 1877 3267 ipso
1918 3203 2171 3265 deceptum
2197 3202 2343 3263 inque

40 3309 42 3321 1
94 3278 417 3323 monstrosam
456 3276 734 3338 opinionem
771 3274 1038 3339 inductum,
1078 3277 1312 3325 adversus
1350 3276 1509 3327 lucem
1546 3279 1767 3327 veritatis
1798 3275 2107 3339 pertendere.
2184 3273 2345 3336 Spero

42 3366 43 3371 ¹
95 3349 288 3406 tamen,
341 3350 594 3396 neminem
633 3355 740 3396 tam
779 3365 812 3398 a
850 3364 968 3399 vero
1014 3363 1252 3399 aversum
1297 3350 1432 3413 fore,
1487 3352 1577 3412 qui
1625 3352 1781 3398 tantis
1828 3356 2033 3410 tamque
2080 3348 2346 3398 luculentis

41 3435 45 3486 5
95 3420 389 3468 testimoniis
425 3422 677 3484 consectus
714 3427 760 3468 et
797 3421 1048 3483 depositus
1086 3436 1272 3470 manus
1309 3423 1450 3470 ultra
1486 3437 1592 3472 non
1632 3423 1710 3470 det
1747 3428 1792 3470 et
1835 3424 2052 3484 inqenue
2095 3421 2341 3484 fateatur,

43 3503 45 3535 2
95 3487 396 3555 scaligerum
436 3492 625 3541 Eudoxi
663 3492 953 3542 affirmatum
991 3493 1227 3558 populare
1267 3498 1313 3543 et
1341 3508 1554 3542 crassum
1581 3500 1892 3558 praepostere
1930 3496 2341 3557 interpretantem,

95 3570 258 3627 spreto
296 3564 581 3627 Hipparcho
621 3571 668 3614 et
705 3565 990 3616 Ptolemaeo
1030 3572 1077 3615 et
1115 3569 1256 3615 omni
1293 3573 1704 3617 astronomorum
1742 3570 1966 3628 natione,
2018 3581 2113 3616 non
2152 3570 2341 3615 tantum

44 3669 48 3696 ,
85 3636 389 3698 Joculariter
425 3643 469 3685 et
500 3638 771 3699 pueriliter
802 3653 1005 3700 errasse,
1046 3638 1132 3687 sed
1172 3639 1318 3688 etiam
1342 3639 1712 3702 reprehensione
1740 3640 1937 3703 dignum
1966 3654 2071 3689 esse
2099 3645 2146 3690 et
2182 3645 2339 3691 teme-

47 3728 49 3743 =
93 3709 339 3775 ritatisnin
373 3708 664 3772 Judicando,
709 3709 944 3760 audaciae
982 3724 1099 3762 vero
1138 3712 1185 3759 in
1225 3711 1555 3763 convellendis
1596 3713 1845 3763 doctorum
1884 3715 2095 3763 virorum
2134 3712 2338 3763 demon-

93 3783 409 3834 mationibus
444 3797 581 3833 reum
617 3785 796 3834 teneri:
837 3786 974 3847 quod
1009 3784 1210 3848 quidem
1247 3785 1536 3836 humanum
1571 3793 1671 3853 est,
1707 3788 1793 3837 sed
1828 3787 2124 3851 belluinum,
2163 3789 2338 3850 impu-
