2652 4088
287 158 395 215 120
1195 158 1343 204 Notae
1371 157 1413 203 J.
1443 156 1630 215 Kepleri

286 307 492 367 thayanis
525 310 570 351 et
601 304 719 352 Sinis
751 309 797 350 et
825 304 1080 362 Japonibus
1120 304 1317 361 oppositi
1357 303 1502 350 litoris
1531 320 1664 352 usum
1709 308 1866 353 eodem
1896 307 2135 354 vicinitatis
2162 309 2266 366 jure
2295 321 2387 355 non
2418 310 2531 355 diffi-

288 376 433 422 culter
462 371 718 429 largiemur.
778 369 1012 416 Plutarchi
1043 369 1223 425 quidem
1252 369 1476 414 modestia
1506 378 1595 431 est,
1637 374 1759 431 quod
1790 387 1866 418 ore
1897 373 2047 430 Syllae
2076 374 2191 419 nihil
2221 376 2308 419 nisi
2338 376 2539 421 fabulam

288 442 549 501 profitetur3
581 442 628 482 at
655 436 808 481 hercle
837 437 913 481 hic
941 437 1174 493 ingressus
1206 440 1252 479 et
1280 438 1592 495 topographia,
1627 454 1760 496 quam
1790 441 1927 484 rebus
1956 439 2068 495 ipsis
2100 453 2342 485 consonam
2371 442 2540 486 inveni-

288 519 402 563 mus,
434 506 508 550 vix
542 508 624 560 est,
654 506 706 547 ut
735 515 762 547 a
791 514 914 546 mera
943 501 1155 556 fingentis
1185 501 1395 546 libertate
1426 506 1686 550 concinnari
1716 506 1763 549 in
1794 505 1915 548 hunc
1945 505 2126 548 modum
2157 507 2373 562 potuerit.
2427 508 2540 552 Con-

289 574 473 619 firmant
503 571 622 615 enim
653 569 707 615 de
740 568 923 613 Graecis
955 566 1259 611 narrationem
1291 573 1336 611 et
1367 567 1469 615 alia.
1529 569 1631 614 Jam
1663 571 1833 615 dudum
1864 571 1986 615 docti
2016 570 2268 626 allegarunt
2297 573 2541 629 navigatio-

288 653 370 686 nes
402 635 822 692 Carthaginensium
854 646 934 678 seu
965 633 1227 689 Tyriorum,
1259 647 1374 690 quos
1403 634 1527 679 haud
1556 635 1690 680 facile
1729 636 1830 693 quis
1862 650 1888 680 a
1920 637 2191 681 Graecorum
2221 638 2439 682 societate
2468 639 2542 683 hic

289 704 553 760 excluserit,
586 702 826 760 legemque
856 697 1048 754 Reipub.
1081 703 1307 744 vetantem
1328 699 1446 745 hanc
1465 703 1886 760 peregrinationem.
1927 703 1990 748 Et
2021 708 2202 747 exstant
2224 704 2378 759 aliqua
2397 706 2542 762 gentis

291 771 562 818 documenta
590 769 637 813 in
657 769 914 824 Nicaragua
934 764 1179 821 provincia,
1212 778 1327 821 quae
1361 767 1467 822 quia
1497 768 1672 812 duobus
1693 768 1870 812 isthmis
1892 770 2094 824 angustis
2119 782 2174 813 ex
2195 774 2388 825 utraque
2409 769 2544 826 plaga

291 838 504 888 conclusa
534 841 581 881 et
610 834 750 880 veluti
780 832 1062 888 strangulata
1088 837 1159 877 est
1188 830 1411 888 facileque
1433 832 1611 877 defendi
1632 834 1792 889 potuit.
1822 833 2100 878 habitatores
2132 847 2307 879 omnem
2336 835 2543 880 viciniam

291 905 503 952 hostilem
533 902 757 957 fecerunt,
789 900 982 957 praedas
1015 897 1245 942 hominum
1266 912 1402 956 agere
1424 912 1570 956 exque
1598 901 1653 946 iis
1688 900 1934 956 quotannis
1966 899 2023 943 ad
2053 901 2112 946 20
2132 901 2270 945 millia
2300 915 2542 957 puerorum

293 973 377 1019 diis
415 968 648 1014 immolare
689 971 796 1011 sunt
835 963 971 1009 soliti.
1029 963 1083 1007 Id
1121 977 1226 1008 vero
1260 965 1597 1010 Cananaeorum
1639 966 1965 1023 Tyriorumque
2005 969 2369 1023 superstitionem
2411 969 2544 1026 sapit,

294 1038 372 1095 qui
405 1037 489 1082 diis
521 1034 616 1080 suis
645 1031 830 1077 Moloch
863 1030 1075 1085 (Saturno
1107 1031 1315 1075 nimirum
1346 1031 1450 1075 huic
1481 1032 1742 1087 puerivorO,
1786 1031 1862 1087 qui
1899 1031 2034 1087 lupus
2076 1040 2144 1077 est
2174 1033 2221 1077 in
2258 1033 2344 1078 hac
2373 1032 2545 1091 fabula)

292 1109 340 1150 et
371 1103 564 1149 chamos
596 1101 722 1156 (puto
754 1097 993 1142 Hammoni
1023 1103 1184 1153 postea
1214 1096 1401 1153 Libyco)
1432 1097 1659 1153 propriam
1684 1097 1968 1153 juventutem
1998 1099 2305 1144 immolabant.
2364 1099 2544 1145 Habent
2634 1147 2638 1153 ,

291 1171 339 1215 in
367 1169 577 1213 Peruana
608 1171 654 1209 et
683 1162 1027 1209 triskaedecada
1058 1163 1231 1208 dierum
1261 1176 1314 1207 eo
1346 1163 1392 1207 in
1422 1177 1521 1220 usu,
1553 1164 1599 1207 in
1631 1177 1719 1219 quo
1751 1177 1834 1208 nos
1864 1163 2169 1223 hebdomada,
2203 1172 2248 1211 et
2270 1166 2452 1211 Graecis
2474 1167 2545 1212 his
2628 1154 2648 1199 :5

295 1252 352 1283 ex
380 1235 672 1289 Norumbega
700 1231 748 1275 in
777 1230 973 1275 insulam
1005 1229 1188 1274 Saturni
1219 1228 1582 1286 exspatiantibus
1615 1229 1792 1274 omnino
1833 1232 2049 1277 tredecim
2091 1233 2223 1277 etiam
2254 1247 2395 1279 annos
2429 1247 2546 1278 com-

293 1300 563 1348 morandum
592 1298 734 1343 fuisse
763 1295 890 1353 legis.
952 1295 1187 1340 Tredecim
1218 1307 1324 1338 vero
1357 1296 1497 1339 octies
1528 1300 1676 1340 sumta
1705 1295 1878 1341 faciunt
1908 1299 2015 1352 104,
2050 1311 2283 1343 numerum
2315 1299 2545 1356 Carthagi-

295 1367 504 1414 nensium
535 1368 796 1410 senatorum
826 1361 946 1418 apud
975 1360 1264 1405 Aristotelem
1294 1360 1342 1404 in
1371 1361 1579 1417 politicis.
2647 1404 2649 1410 ,

381 1477 384 1480 ,
469 1430 553 1476 His
585 1429 721 1486 adde,
763 1440 880 1484 quae
919 1426 975 1471 de
1004 1424 1260 1470 Frislandia
1296 1426 1343 1469 in
1379 1427 1544 1471 tabulis
1589 1429 1969 1485 cosmographicis
2007 1436 2192 1475 narrant
2232 1431 2460 1475 Mercator
2501 1434 2547 1474 et
2612 1411 2648 1481 ,ἶ

299 1497 516 1545 Ortelius:
549 1495 716 1541 famam
745 1493 841 1538 scil.
874 1495 920 1538 in
951 1506 1004 1538 ea
1036 1493 1091 1537 de
1121 1492 1356 1538 Americae
1393 1494 1651 1539 continente
1691 1501 1735 1539 et
1765 1496 2094 1551 navigationem
2125 1497 2171 1541 in
2200 1496 2550 1542 Estotilandiam
2632 1482 2647 1532 ’ἶ

296 1563 484 1609 Antonii
512 1561 625 1607 Zeni
654 1560 817 1605 Veneti
855 1559 938 1604 sub
979 1558 1196 1616 auspiciis
1225 1558 1398 1604 Zichmi
1428 1560 1565 1615 Regis
1605 1560 1887 1605 Frislandiae
1926 1562 2266 1619 insularumque
2305 1563 2550 1607 vicinarum
2632 1571 2641 1579 ⁴

299 1628 649 1683 bellicosiorum,
682 1625 755 1670 vel
785 1623 938 1669 seculo
970 1625 1271 1682 antiquiorem
1301 1626 1536 1670 Americae
1570 1627 1823 1672 detectione
1856 1630 1940 1673 sub
1973 1629 2154 1684 regibus
2188 1628 2472 1674 castellanis.
2626 1671 2627 1674 ,

473 1693 586 1739 Cum
615 1705 722 1737 vero
747 1691 944 1736 Graecos
973 1691 1077 1736 illos
1108 1693 1244 1737 certis
1274 1704 1492 1737 annorum
1523 1693 1776 1738 interstitiis
1809 1707 1864 1739 ex
1895 1693 1974 1738 illa
2006 1695 2262 1739 continente
2293 1694 2349 1739 ad
2382 1694 2552 1742 insulas

298 1759 542 1807 orientales
571 1771 729 1803 versus
749 1757 980 1813 Europam
1001 1758 1124 1802 exire
1154 1764 1318 1811 narrat,
1353 1759 1532 1802 omnino
1564 1760 1694 1803 nobis
1718 1759 2065 1804 Groenlandiam
2088 1773 2142 1804 ex
2164 1760 2384 1805 brevitate
2406 1760 2553 1805 noctis
2615 1775 2618 1778 ’

301 1827 499 1874 aestivae
531 1825 758 1879 designat,
799 1823 953 1868 addita
984 1828 1029 1867 et
1059 1824 1286 1868 mentione
1316 1824 1451 1868 maris
1493 1824 1709 1879 glacialis.
1772 1826 1844 1869 Ex
1876 1826 2028 1870 multis
2059 1832 2208 1871 tamen
2239 1826 2415 1872 laciniis
2446 1839 2552 1871 con-

302 1899 450 1940 sutam
479 1905 580 1937 esse
609 1897 761 1946 togam
792 1889 1023 1945 existimo;
1055 1903 1159 1934 nam
1180 1903 1297 1947 quae
1319 1891 1525 1946 sequitur
1547 1890 1790 1947 descriptio
1822 1892 2011 1948 insulae,
2043 1893 2165 1949 quod
2188 1892 2336 1936 cubile
2359 1892 2554 1938 Saturno

300 1959 504 2018 praebet,
535 1956 687 2015 potius
715 1955 1010 2012 Hispaniolae
1041 1957 1268 2012 competit.

477 2023 550 2072 98.
580 2021 938 2079 Magnitudinem
971 2034 1076 2066 ecce
1107 2021 1393 2078 continentis,
1424 2021 1578 2077 itaque
1607 2022 1720 2066 nihil
1751 2022 1949 2077 dubium,
1980 2023 2232 2068 Americam
2263 2036 2381 2069 esse.
2648 2047 2652 2058 .

475 2090 548 2139 99.
579 2089 653 2138 Sic
691 2090 739 2133 in
770 2102 897 2134 sacro
937 2087 1092 2134 codice
1130 2088 1361 2144 Europam
1402 2093 1603 2133 nostram
1640 2086 1850 2133 hebraice
1891 2103 2121 2145 nunquam
2165 2090 2295 2135 aliter
2336 2092 2555 2137 nominari
2619 2089 2652 2135 '.

301 2159 442 2219 vides,
474 2172 611 2217 quam
641 2157 864 2203 communi
895 2155 1073 2201 nomine
1103 2155 1279 2199 insulae
1310 2155 1523 2211 gentium,
1556 2167 1609 2198 eo
1642 2153 1763 2211 quod
1797 2167 1852 2198 ex
1877 2155 2006 2212 Syria
2037 2162 2081 2201 et
2111 2155 2376 2213 Phoenicia,
2408 2159 2556 2214 patria
2618 2195 2623 2203 .

302 2225 573 2282 scriptorum
603 2235 855 2278 sacrorum,
897 2222 1030 2279 vulgo
1071 2235 1162 2266 non
1200 2220 1286 2264 nisi
1316 2221 1505 2265 navibus
1544 2221 1746 2267 adeatur.
1811 2222 1884 2267 Sic
1915 2223 2255 2269 Scandinaviam
2285 2230 2459 2270 veteres
2491 2224 2555 2268 in·
2619 2209 2623 2221 ⁸

302 2293 448 2339 sulam
477 2303 579 2338 esse
608 2294 846 2346 putarunt,
887 2302 989 2332 cum
1019 2288 1300 2345 ignorarent,
1342 2301 1440 2332 eam
1477 2288 1524 2331 in
1556 2288 1864 2344 septentrione
1895 2294 1941 2334 et
1972 2289 2144 2334 oriente
2185 2290 2433 2335 adhaerere
2463 2290 2555 2334 Eu·

262 2399 267 2404 .
301 2370 442 2416 ropae
470 2356 696 2413 Asiaeque
726 2354 1077 2400 continentibus.

398 2460 400 2463 .
477 2422 579 2471 100.
608 2421 787 2467 Taurus
817 2420 975 2464 Lunae
1004 2433 1087 2476 pro
1118 2419 1282 2464 throno
1311 2418 1549 2475 tribuitur3
1592 2418 1774 2463 Saturni
1814 2420 1952 2475 igitur
1990 2420 2122 2465 stella
2161 2421 2209 2465 in
2238 2421 2396 2466 Lunae
2436 2421 2557 2466 exal-

303 2490 522 2538 tationem
549 2485 777 2544 veniente,
821 2485 1004 2531 lunares
1046 2485 1166 2542 genii
1201 2485 1247 2528 in
1282 2485 1463 2529 Saturni
1505 2484 1699 2529 insulam
1731 2500 1983 2532 commeare
2018 2487 2262 2543 finguntur.
2323 2488 2461 2546 Vide,
2506 2494 2558 2532 ut
2616 2503 2617 2506 ¹
2647 2491 2652 2527 ·.

307 2556 538 2604 Somnium
566 2566 716 2599 meum
745 2552 880 2610 plane
909 2551 955 2595 in
984 2551 1213 2595 individuo
1244 2551 1523 2608 congruerit,
1564 2565 1653 2608 quo
1691 2558 1896 2610 tempore
1928 2553 1983 2598 de
2013 2554 2245 2599 Plutarchi
2284 2555 2373 2600 hoc
2402 2555 2557 2600 libello
2611 2548 2652 2612 ζ

295 2636 390 2680 ‚ego
421 2634 477 2666 ne
507 2620 832 2665 somniaveram
862 2618 1057 2675 quidem.
1098 2619 1225 2674 (Not.
1256 2618 1328 2663 43.
1370 2622 1416 2661 et
1447 2615 1501 2661 de
1533 2616 1799 2665 daemonum
1830 2620 2243 2666 transcursionibus
2273 2620 2393 2667 ultro
2426 2623 2557 2667 citro·
2616 2620 2633 2670 l.

300 2700 394 2747 jque
424 2691 518 2732 not.
552 2686 622 2741 63,
651 2686 705 2732 81
739 2691 785 2730 et
815 2684 965 2740 seqq.)

480 2754 582 2799 101.
611 2752 818 2808 Videtur,
849 2750 896 2794 in
918 2749 1235 2796 Groenlandia.
1286 2750 1371 2795 Hic
1404 2750 1522 2794 circa
1553 2750 1795 2795 solstitium
1825 2753 2044 2797 aestivum
2066 2752 2144 2797 Sol
2174 2752 2282 2798 totis
2313 2753 2370 2799 30
2394 2754 2553 2800 diebus
2619 2750 2631 2792 ἒ

305 2823 424 2870 infra
454 2821 736 2866 horizontem
759 2823 1074 2872 commoratur,
1106 2817 1254 2861 minus
1286 2829 1419 2872 quam
1451 2828 1540 2861 una
1559 2815 1605 2859 in
1628 2816 1829 2872 singulos
1850 2817 1975 2861 hora.
2014 2818 2127 2862 Vide
2149 2823 2301 2864 notam
2332 2821 2553 2877 prolixam
2604 2854 2629 2878 ,ζ

306 2889 512 2948 proxime
540 2885 852 2944 praemissam

483 2953 586 3000 102.
626 2951 816 3007 Qualem
855 2953 964 2994 tunc
1003 2948 1142 2993 vitam
1183 2948 1484 2992 academicam
1524 2947 1734 2992 vivebant
1772 2947 1954 3004 Graeci,
1998 2948 2229 2995 Plutarchi
2268 2950 2410 3005 cives,
2457 2965 2558 2996 cum

309 3034 483 3068 summa
511 3021 738 3077 potestate
769 3016 816 3060 in
845 3015 1072 3059 Romanos
1102 3013 1322 3058 translata
1351 3025 1482 3058 nemo
1514 3013 1802 3070 Graecorum,
1834 3025 1890 3057 ne
1917 3014 2171 3072 principum
2194 3017 2387 3074 quidem,
2421 3019 2556 3063 rebus

311 3087 417 3132 ullis
448 3085 589 3144 gestis
619 3084 866 3129 clarescere
897 3083 1069 3137 posset.

483 3152 583 3197 103.
613 3149 729 3195 Vide
759 3145 1107 3202 descriptionem
1136 3143 1447 3200 Hispaniolae.
1515 3159 1518 3162 ⁴

481 3218 583 3264 104.
615 3217 690 3261 En
718 3218 896 3272 petram
926 3223 982 3255 ex
1015 3210 1199 3255 Castilia
1229 3209 1364 3255 d’Oro
1396 3215 1475 3255 aut
1505 3211 1729 3256 Peruana.

485 3286 587 3330 105.
621 3282 738 3339 Quia
766 3280 868 3325 vilis
900 3278 1014 3322 haec
1042 3289 1214 3322 merces
1245 3275 1292 3320 in
1321 3276 1469 3322 insula
1498 3277 1779 3333 Hispaniola.

484 3352 586 3398 106.
616 3349 794 3402 Mirum,
826 3357 917 3401 qua
947 3343 1242 3399 originatione
1283 3342 1618 3398 aequipolleant
1646 3355 1887 3400 περσεφονη
1917 3349 1963 3388 et
1992 3360 2243 3402 φωσφορος;
2285 3344 2397 3391 illud
2429 3354 2561 3393 sonat

313 3416 499 3463 caedem
537 3414 717 3472 Persei,
761 3412 872 3458 nihil
917 3411 972 3456 de
1015 3410 1116 3455 luce
1153 3407 1389 3465 portanda
1449 3408 1519 3452 An
1557 3407 1691 3462 igitur
1733 3421 1975 3467 περσεφονη
2013 3411 2145 3465 quasi
2186 3424 2438 3470 πυρσεφανη
2480 3418 2560 3457 aut
2622 3415 2652 3499 ’1

312 3482 597 3541 πυρσοφορηῖ
2651 3503 2652 3506 ,

492 3550 589 3595 107.
619 3548 673 3592 In
704 3545 869 3591 circulo
900 3543 1262 3627 illuminationis,
1306 3541 1527 3586 communi
1558 3540 1746 3584 termino
1777 3540 2208 3597 hemisphaeriorum
2236 3541 2374 3587 lucidi
2405 3549 2450 3587 et
2480 3543 2558 3587 ob·
2600 3516 2634 3585 ⁴.
2650 3590 2652 3600 .

316 3614 523 3662 umbrati.
2604 3608 2610 3619 ·’
2632 3599 2636 3611 ’

488 3679 588 3725 108.
622 3678 912 3735 Physiologia
930 3676 1154 3735 peregrini
1185 3677 1240 3722 de
1261 3675 1425 3731 anima,
1458 3686 1592 3731 quam
1620 3670 1696 3714 ille
1716 3671 1876 3727 procul
1909 3671 2044 3717 dubio
2075 3672 2229 3718 hausit
2257 3685 2314 3717 ex
2334 3671 2557 3729 Opiniano
2603 3667 2616 3730 ζῖ
2643 3607 2652 3690 ’1

321 3745 596 3802 coniectura,
628 3749 811 3789 auctore
839 3743 1075 3788 Plutarchi
1102 3741 1461 3787 luculentissimo
1493 3745 1538 3784 et
1566 3737 1659 3781 filio
1690 3737 1896 3793 genuino.
2608 3731 2634 3763 '¹

355 3819 359 3823 ’
485 3811 583 3856 109.
612 3810 820 3856 Animam
849 3810 1037 3855 seorsim
1067 3814 1113 3855 et
1142 3821 1307 3866 corpus
1338 3807 1537 3853 seorsim.

489 3874 587 3923 110.
618 3874 693 3926 Ex
720 3875 868 3922 anima
896 3874 1046 3920 adhuc
1077 3873 1338 3933 composita,
1371 3872 1538 3920 abolito
1569 3869 1710 3915 altero
1742 3867 1977 3927 elemento,
2007 3868 2249 3916 residuum.

2599 3779 2610 3807 i

2600 3838 2616 3901 ς

2598 3924 2639 4005 ἴῃ,

2592 4022 2612 4088 ᾗ
