2652 4088
1073 191 1118 236 in
1149 190 1266 236 Orbe
1297 191 1471 236 Lunae.
2288 193 2394 249 101

143 342 306 407 (suum
345 341 544 392 irradiat
581 341 683 404 Sol,
721 344 792 392 sic
828 343 1020 391 animae
1057 343 1297 391 rationem
1332 343 1606 405 impartitur
1641 342 1813 406 mens).
1866 339 2055 403 Quibus
2083 355 2198 391 vero
2225 344 2397 391 morti-

142 417 235 466 bus
272 418 638 479 exstinguimur,
678 430 843 465 earum
882 415 1037 465 altera
1075 415 1270 476 quidem
1310 430 1368 464 ex
1406 416 1560 464 tribus
1599 417 1722 464 inter
1759 429 1812 463 se
1853 417 2117 478 compactis
2157 414 2254 464 duo
2280 416 2397 464 facit

143 484 521 553 hominemm),
562 489 717 538 altera
754 504 812 538 ex
852 487 1045 537 duobus
1069 484 1158 551 ¹¹⁰)
1198 491 1463 551 compactis
1503 503 1677 548 unum,
1715 493 1949 545 mentem;
2002 494 2049 536 et
2088 487 2243 538 altera
2282 491 2396 551 qui-

144 562 253 611 dem
291 561 452 611 locum
490 562 640 611 habet
675 564 724 609 in
765 561 952 610 Cereris
991 557 1227 629 (regione,
1268 561 1422 610 altera
1459 563 1509 608 in
1548 562 1733 610 Lunae.
1811 560 1955 622 Quod
1995 563 2120 610 enim
2161 563 2209 608 in
2247 561 2398 612 Terra

143 638 370 699 coeptum
408 641 497 696 est,
537 634 587 682 id
627 639 818 698 oportet
854 633 1065 697 Lunam)
1105 634 1154 680 in
1193 649 1246 683 se
1284 636 1394 698 ipsa
1432 635 1677 698 perficere⁴
1755 634 1975 683 Mortuos
2017 634 2212 696 quidem
2239 634 2397 684 Athe-

141 710 334 757 nienses
373 707 597 757 Cereales
635 704 959 768 nominarunt,
1000 721 1057 756 ex
1097 709 1299 770 antiquo
1339 722 1455 757 vero
1495 710 1543 755 in
1582 707 1722 756 Luna
1759 707 2082 770 Proserpinae
2122 713 2170 756 et
2208 707 2396 757 Cereris

142 780 503 831 contubernalis
542 787 616 829 est
653 780 936 842 Mercurius,
975 779 1174 829 alterius
1213 779 1410 843 quidem
1448 782 1710 841 terrestris,
1751 780 1948 830 alterius
1996 794 2112 829 vero
2154 780 2397 831 coelestis.

141 854 303 904 Solvit
339 868 455 903 vero
493 852 648 902 altera
687 849 883 916 quidem
923 854 1141 902 celeriter
1179 859 1228 902 et
1269 868 1378 902 cum
1416 853 1655 902 violentia
1694 855 1910 902 animum
1947 869 1978 902 a
2017 868 2232 916 corpore,
2271 854 2398 904 Pro-

140 929 335 990 serpina
373 940 489 975 vero
528 927 706 975 sensim
747 933 794 975 et
819 926 973 975 multo
1013 933 1229 989 tempore
1267 932 1478 975 mentem
1516 927 1579 974 ab
1619 928 1782 975 anima
1805 922 1914 988 ¹¹¹).
1987 926 2159 988 quue
2198 932 2246 976 et
2283 929 2397 976 uni-

141 1002 307 1063 genita
345 998 534 1060 dicitur,
575 1001 690 1061 quia
728 999 783 1048 fit
808 999 1079 1048 solitarium
1116 999 1181 1061 id,
1223 999 1353 1062 quod
1391 1001 1442 1046 in
1467 998 1661 1048 homine
1685 999 2013 1062 praestantius
2053 1005 2149 1059 est,
2189 1006 2230 1048 si
2253 1000 2399 1050 fuerit

139 1074 201 1122 ab
239 1076 347 1136 ipsa
372 1078 625 1122 secretum.
689 1071 771 1121 Sic
809 1078 971 1121 autem
1009 1079 1183 1121 natura
1212 1074 1449 1134 contingit
1474 1077 1756 1135 utrumque:
1800 1087 1990 1121 omnem
2029 1073 2256 1133 animam,
2296 1079 2397 1122 tam

140 1162 266 1209 quae
305 1160 501 1206 amenS,
543 1160 687 1207 quam
729 1160 854 1207 quae
894 1160 1003 1194 cum
1041 1151 1230 1206 mente,
1285 1145 1433 1194 fatale
1473 1150 1561 1205 est,
1603 1159 1711 1194 cum
1750 1145 1907 1207 ejecta
1944 1145 2110 1206 fuerit,
2148 1148 2397 1208 regionem

139 1220 291 1279 illam,
334 1233 460 1281 quae
498 1220 625 1267 inter
648 1218 840 1267 Lunam
879 1226 927 1268 et
966 1219 1165 1267 Terram
1204 1223 1291 1278 est,
1332 1219 1606 1281 pervagari,
1647 1224 1863 1281 tempore
1887 1224 2048 1267 tamen
2074 1233 2171 1266 non
2199 1219 2396 1282 aequali

138 1298 410 1355 utramque.
462 1291 588 1340 Nam
626 1292 806 1354 impiae
836 1291 1031 1353 quidem
1073 1296 1121 1341 et
1158 1293 1533 1354 intemperantes
1570 1306 1756 1354 poenas
1782 1298 2093 1354 peccatorum
2120 1292 2396 1355 exsolvunt,

132 1366 294 1429 justas
334 1379 450 1414 vero
491 1371 539 1414 et
577 1379 761 1427 aequas
800 1363 863 1414 ad
901 1371 1094 1427 tempus
1133 1365 1476 1424 constitutum,
1530 1370 1764 1427 quantum
1804 1379 1926 1427 opus
1965 1363 2028 1413 ad
2067 1366 2397 1426 expiationem

139 1445 189 1489 et
227 1440 577 1502 expirationem
615 1438 930 1498 macularum,
973 1452 1099 1500 quae
1137 1445 1398 1501 supersunt
1436 1453 1467 1486 a
1505 1452 1722 1501 corpore,
1761 1444 1997 1500 tanquam
2036 1452 2187 1486 causa
2224 1453 2395 1501 prava,

138 1514 187 1560 in
226 1510 627 1575 tranquillissimo
667 1512 816 1571 aeriS,
859 1510 991 1573 quod
1028 1510 1184 1560 valles
1222 1511 1395 1560 inferni
1433 1511 1747 1574 appellitant,
1789 1509 2394 1582 diversari.oportet¹¹‘²);

139 1584 314 1634 deinde
351 1591 585 1647 tanquam
626 1598 685 1634 ex
722 1586 1110 1648 peregrinatione
1138 1585 1271 1633 exilii
1310 1584 1568 1647 cujusdam
1592 1599 1818 1634 reversae
1856 1585 1904 1631 in
1939 1585 2147 1647 patriam
2170 1581 2262 1649 113)
2303 1586 2393 1636 de-

137 1663 337 1722 gustant
386 1657 644 1720 gaudium,
697 1657 841 1720 quale
891 1659 1070 1706 initiati
1109 1656 1303 1720 (sacris)
1353 1660 1614 1720 praecipue
1668 1659 1929 1707 commixta
1976 1657 2298 1720 trepidatione
2348 1665 2397 1709 et

136 1746 321 1795 pavore
359 1745 468 1780 cum
506 1745 592 1793 spe
630 1731 865 1794 singulari
890 1727 978 1793 ¹¹⁴)
1025 1727 1458 1795 experiuntur115).
1525 1731 1709 1779 Multas
1749 1732 1878 1780 enim
1916 1731 2130 1780 extrudit
2167 1737 2216 1781 et
2241 1732 2396 1781 veluti

138 1805 311 1854 fluctus
349 1806 532 1867 impetu
570 1805 728 1866 rejicit
761 1804 964 1867 jamjam
1002 1800 1175 1853 Lunae
1215 1802 1357 1852 sedes
1397 1806 1538 1867 quasi
1577 1805 1929 1868 capturienteS,
1971 1804 2209 1867 quasdam
2248 1808 2395 1855 etiam

138 1893 318 1939 earum,
358 1893 484 1940 quae
525 1882 637 1925 sunt
673 1878 757 1938 ibi,
795 1878 941 1926 rebus
978 1878 1286 1926 inferioribus
1326 1876 1608 1939 delectataS,
1649 1880 1891 1941 aspiciunt
1927 1892 2117 1926 rursum
2154 1878 2307 1927 veluti
2346 1881 2395 1927 in

137 1950 431 2015 profundum
470 1949 700 2013 demergi.
777 1949 915 2012 Quae
954 1965 1069 1999 vero
1108 1950 1206 2000 alte
1246 1950 1564 2012 evolaverint,
1607 1953 1752 2000 etiam
1791 1951 1989 1999 firmiter
2025 1950 2217 2001 locatae
2256 1959 2394 2017 sunt3

136 2027 346 2088 primum
387 2026 514 2073 enim
553 2038 686 2073 more
724 2023 1127 2087 triumphantium
1168 2026 1493 2084 circumstant,
1533 2023 1743 2073 redimiti
1772 2025 1976 2086 coronis,
2016 2024 2205 2073 alarum
2242 2026 2397 2076 fulcra

138 2098 302 2157 dietis,
345 2098 461 2160 quia
499 2098 722 2155 nimirum
761 2098 952 2146 brutam
989 2098 1180 2146 animae
1218 2097 1501 2146 facultatem
1541 2103 1589 2146 et
1626 2099 1886 2147 affectuum
1924 2100 2273 2159 generatricem
2311 2114 2395 2148 ra-

135 2173 257 2219 tioni
297 2184 455 2232 aequo
493 2172 656 2225 animo
696 2170 942 2219 subditam
968 2174 1015 2219 et
1043 2176 1262 2219 ornatam
1300 2171 1515 2219 moribus
1541 2172 1590 2219 in
1617 2173 1722 2221 vita
1746 2173 2104 2235 praestiterunt.
2168 2171 2393 2223 Secundo

136 2244 266 2293 Solis
304 2243 451 2292 radiis
489 2243 747 2292 assimilari
784 2249 990 2307 possunt
1026 2244 1161 2304 visu,
1214 2245 1341 2292 circa
1379 2246 1590 2292 animam
1631 2259 1745 2293 vero
1783 2259 1973 2293 sursum
2013 2244 2256 2294 elevatam
2295 2261 2392 2295 non

135 2332 275 2367 secus
313 2323 463 2379 atque
500 2316 579 2365 hic
616 2317 816 2377 aetheri,
858 2319 941 2380 qui
967 2318 1093 2366 circa
1116 2316 1308 2365 Lunam
1335 2315 1721 2383 (immerguntur)
1761 2323 1809 2367 et
1846 2319 1908 2367 ab
1948 2317 2032 2365 illo
2071 2319 2392 2369 intensionem

136 2391 332 2453 vimque
384 2404 523 2438 suam
561 2403 657 2438 non
699 2405 839 2440 secus
878 2405 936 2439 ac
973 2388 1081 2449 illa,
1135 2404 1262 2451 quae
1302 2389 1648 2440 excandefacta
1687 2391 1896 2455 chalybe
1935 2398 2175 2440 acuuntur
2213 2394 2392 2442 intinc-

134 2466 267 2513 tione
305 2465 354 2510 in
394 2477 588 2525 aquam,
627 2466 957 2511 indurationem
994 2464 1266 2526 acquirunt.
1325 2462 1469 2525 Quod
1507 2466 1634 2512 enim
1674 2466 1722 2511 in
1761 2463 1857 2512 illis
1885 2469 2108 2527 superest
2143 2480 2304 2513 rarum
2344 2472 2393 2515 et

137 2537 378 2597 diffusum,
419 2536 676 2585 roboratur
711 2534 861 2597 fitque
901 2535 1075 2585 stabile
1117 2542 1163 2585 et
1201 2536 1514 2599 pellucidum,
1555 2539 1626 2586 sic
1663 2543 1774 2586 uta
1801 2537 2128 2600 qualicunque
2167 2540 2393 2587 suffumi-

133 2612 346 2673 gastone,
386 2624 532 2671 quam
569 2609 667 2658 fors
704 2607 830 2669 tulit,
871 2607 1043 2657 alatur.
1121 2610 1310 2659 Etenim
1348 2612 1470 2659 scite
1509 2609 1629 2659 dixit
1667 2610 1959 2673 Heraclitu8‚
2000 2612 2187 2661 animas
2226 2615 2274 2660 in
2313 2615 2392 2660 in-

133 2683 266 2733 ferno
306 2678 625 2746 odorari¹¹⁶).

306 2755 561 2805 Intuentur
599 2760 761 2804 autem
800 2757 1007 2817 primum
1045 2754 1427 2817 magnitudinem
1454 2756 1625 2806 Lunae
1663 2755 2172 2820 pulchritudinemque
2213 2764 2261 2808 et
2299 2773 2392 2808 na-

134 2836 291 2878 turam
328 2843 425 2876 non
467 2828 733 2892 simplicem
772 2843 930 2891 neque
969 2830 1338 2892 impermixtam,
1380 2829 1465 2878 sed
1503 2836 1738 2892 tanquam
1776 2832 2059 2892 temperiem
2098 2846 2156 2880 ex
2183 2837 2314 2881 astro
2342 2837 2391 2882 et

135 2902 285 2951 Terra
322 2901 518 2954 factam.
581 2902 705 2950 Nam
744 2903 870 2950 sicut
908 2907 1035 2951 terra
1073 2908 1220 2950 vento
1261 2908 1309 2951 et
1347 2902 1547 2952 humore
1587 2908 1834 2952 macerata
1871 2903 2034 2952 mollis
2072 2903 2302 2964 redditur,
2344 2911 2392 2954 et

35 2988 39 3016 ὅ
96 3008 101 3010 -
134 2977 259 3025 sicut
296 2977 494 3038 sanguis
533 2975 794 3024 interfusus
821 2989 1014 3024 sensum
1054 2974 1125 3022 illi
1166 2975 1406 3036 conciliat,
1449 2979 1519 3025 sic
1557 2977 1698 3039 ajunt
1724 2977 1914 3025 Lunam
1954 2977 2148 3026 aethere
2188 2979 2390 3027 tinctam

135 3050 184 3096 in
223 3047 463 3111 profundo
502 3048 578 3096 sui
617 3049 831 3110 corporis
871 3047 1015 3096 simul
1054 3050 1318 3097 animatam
1358 3063 1464 3098 esse
1504 3054 1553 3098 et
1591 3048 1910 3110 foecundam,
1950 3050 2093 3098 simul
2133 3053 2391 3112 gravitatis

135 3127 184 3171 et
219 3120 437 3169 levitatis
487 3126 733 3169 momenta
782 3119 845 3169 ad
884 3120 1225 3184 aequilibrium
1263 3122 1443 3171 habere
1490 3119 2003 3182 commensurata¹¹⁷).
2078 3122 2203 3171 Nam
2243 3126 2391 3173 etiam

135 3196 293 3257 ipsum
331 3192 579 3254 mundum,
620 3199 793 3242 natura
831 3199 1113 3257 coaptatum
1152 3209 1210 3243 ex
1247 3195 1467 3257 partibus
1507 3210 1631 3257 quae
1670 3210 1858 3244 sursum
1898 3201 2155 3244 moventur
2183 3201 2231 3244 et
2264 3212 2390 3259 quae

138 3267 376 3326 deorsum,
416 3266 510 3315 hac
546 3268 735 3315 ratione
774 3266 1033 3315 liberatum
1072 3281 1178 3315 esse
1216 3269 1265 3314 in
1304 3269 1585 3316 universum
1623 3269 1686 3316 ab
1727 3270 1855 3316 omni
1894 3275 2027 3316 motu
2067 3267 2230 3317 locali.
2298 3269 2389 3318 Vi-

137 3339 276 3388 detur
313 3345 474 3387 autem
513 3339 606 3388 hoc
644 3345 692 3387 et
717 3338 1023 3388 Xenocrates
1062 3354 1256 3388 monere
1295 3341 1510 3388 voluisse
1549 3339 1716 3389 divina
1751 3340 1961 3403 quadam
2000 3343 2388 3405 ratiocinatione,

134 3413 385 3477 principiis
424 3426 454 3459 a
490 3411 696 3460 Platone
735 3413 1040 3459 transsumtis
1063 3407 1170 3473 ιιΒ).
1249 3411 1345 3460 Hic
1382 3414 1509 3461 enim
1548 3412 1691 3462 Plato
1731 3420 1828 3474 cst,
1870 3416 1951 3476 qui
1993 3415 2138 3462 etiam
2177 3414 2388 3466 siderum

139 3482 543 3547 unumquodlibet
595 3489 873 3547 coaptatum
923 3484 1094 3532 statuit
1144 3498 1201 3532 ex
1240 3489 1366 3533 terra
1405 3491 1453 3533 et
1490 3486 1602 3547 igne
1648 3488 1898 3545 revinctiS,
1942 3496 2038 3548 ‘per
2077 3488 2387 3538 intermedias

137 3563 336 3607 naturas
365 3555 509 3622 (ae‘ris
534 3561 583 3605 et
610 3553 785 3621 aquae)
805 3556 870 3605 ad
898 3557 1257 3619 proportionem
1285 3557 1626 3620 (extremorum
1651 3553 1738 3622 119)
1769 3557 2048 3621 descriptas.
2100 3560 2231 3609 Nihil
2261 3564 2387 3612 enim

139 3634 186 3679 in
226 3645 422 3680 sensum
462 3630 727 3689 incurrere,
779 3630 855 3677 cui
903 3643 999 3677 non
1040 3633 1087 3677 et
1124 3634 1279 3678 terrae
1318 3631 1595 3692 quippiam,
1637 3638 1686 3677 ut
1717 3634 1839 3690 tangi
1870 3635 2028 3692 possit,
2081 3639 2129 3682 et
2173 3633 2384 3698 luminis,

140 3713 191 3753 ut
220 3707 382 3762 videri,
415 3704 477 3750 sit
514 3701 734 3750 inditum,
812 3701 1118 3751 Xenocrates
1170 3717 1284 3751 vero
1334 3701 1495 3751 sidera
1545 3701 1739 3764 quidem
1780 3710 1827 3752 et
1865 3702 2028 3752 Solem
2069 3707 2138 3755 ait
2177 3723 2236 3756 ex
2275 3711 2386 3772 igne

140 3784 198 3826 et‘
225 3792 284 3827 ex
323 3778 476 3840 primo
517 3774 666 3824 denso
707 3780 949 3837 constare,
1000 3775 1187 3823 Lunam
1228 3789 1342 3824 vero
1383 3790 1442 3823 ex
1480 3773 1691 3824 secundo
1745 3775 1895 3825 denso
1936 3784 1983 3826 et
2021 3782 2212 3842 proprio
2256 3786 2383 3844 ae‘re,

139 3849 339 3902 Terram
377 3849 586 3913 denique
624 3862 683 3898 ex
721 3862 851 3913 aqua
888 3855 936 3899 et
972 3849 1083 3911 igne
1122 3854 1170 3898 et
1209 3863 1267 3899 cx
1292 3847 1442 3898 denso
1481 3850 1607 3898 tertii
1633 3848 1835 3914 gradus;
1875 3853 1922 3898 in
1951 3853 2228 3904 universum
2268 3869 2384 3907 vero
