2652 4088
722 166 871 221 Notae
899 165 947 216 in
977 163 1208 216 Somnium
1238 162 1618 215 Astronomicum.
2223 155 2293 219 51.

210 315 311 363 106.
343 314 460 374 Quia
489 316 612 363 orbis
640 317 799 363 Lunae
830 328 912 361 seu
943 314 1160 361 distantia
1189 315 1289 372 ejus
1320 328 1349 360 a
1376 313 1520 359 Terra
1559 323 1765 370 apogaea
1803 314 1874 356 est
1902 312 1961 373 ᾖ,
1991 309 2048 355 de
2080 309 2296 356 distantia

38 379 157 427 Solis
187 388 235 427 et
264 380 446 428 Terrae.
506 383 618 428 Cum
648 396 757 441 ergo
785 380 1018 439 privolvae
1047 381 1222 428 habent
1252 381 1402 428 Solem
1432 381 1480 426 in
1510 392 1593 424 suo
1623 376 1896 433 meridiano,
1939 375 2172 433 propiores
2203 373 2299 420 Soli

35 445 154 496 finnt
182 461 317 504 quam
346 449 491 494 Terra
516 461 600 506 per
629 450 683 509 ᾗ,
713 447 881 503 totins,
930 452 978 492 at
1009 460 1111 492 cum
1151 447 1420 504 subvolvae,
1462 445 1740 492 remotiores.
1802 443 1934 488 Luna
1963 443 2132 500 quippe
2162 440 2299 499 plena

37 511 179 570 distat
205 525 234 557 a
264 512 369 559 Sole
400 516 459 560 60
487 514 708 571 partibus,
740 513 880 558 Terra
908 513 990 569 59,
1021 512 1154 558 Luna
1182 525 1299 558 nova
1329 512 1401 559 58.
1464 511 1576 557 Cum
1606 509 1901 554 diminutione
1932 522 2039 552 vero
2070 505 2298 552 intervalli

0 608 1 613 =
39 586 230 636 augetur
261 579 380 624 Solis
411 580 604 637 species.
651 583 714 627 At
743 581 788 625 in
820 578 1004 637 quadris
1025 579 1158 624 Luna
1188 579 1389 625 existens
1421 585 1466 623 et
1488 578 1631 622 Terra
1662 574 1915 633 aequaliter
1943 573 2108 618 absunt
2129 585 2156 617 a
2177 571 2297 618 Sole.

0 642 1 655 ¹
35 645 101 692 Et
138 645 186 690 in
226 646 412 703 quadris
467 647 662 693 diximus
713 645 872 692 mediis
908 651 1002 692 tam
1031 645 1337 703 privolvarum
1388 657 1524 702 quam
1563 640 1880 688 subvolvarum
1920 638 2027 684 oriri
2067 637 2141 689 vel
2181 636 2299 683 occi·

37 709 145 756 dere
175 710 341 758 Solem.

211 775 311 823 107.
344 776 474 821 Luna
501 777 561 822 ab
591 775 800 834 ecliptica
837 775 1030 822 discedit
1059 775 1116 820 ad
1146 775 1291 821 latera
1319 773 1498 820 circiter
1528 774 1556 819 5
1588 772 1755 829 gradus
1787 785 1844 817 ex
1875 771 2028 818 Terris
2074 772 2297 829 inspecta,

34 852 93 887 ex
131 840 237 887 Sole
277 855 405 896 vero,
451 842 638 887 totidem
684 843 864 890 circiter
910 842 1151 900 scrupula,
1210 843 1318 899 quia
1368 839 1543 886 orbium
1595 838 1831 896 proportio
1878 844 1950 883 est
1995 834 2301 894 sexagecupla

34 906 174 964 paulo
205 907 364 952 ma’or.

215 921 310 1021 lug.
342 972 532 1029 Quando
552 974 784 1031 privolvae
806 974 958 1021 Solem
987 973 1143 1020 vident
1170 975 1217 1019 in
1249 982 1332 1018 suo
1362 971 1565 1029 meridie,
1599 971 1693 1017 Soli
1714 970 1953 1016 viciniores
1976 973 2083 1014 sunt
2102 966 2300 1023 Tellure,

35 1037 217 1096 quando
248 1039 534 1097 subvolvani,
575 1043 839 1087 remotiores
868 1047 999 1099 parte
1028 1041 1314 1099 sexagesima
1343 1039 1480 1095 paulo
1512 1038 1636 1095 plus,
1669 1045 1716 1083 et
1746 1038 1885 1093 igitur
1917 1033 2181 1080 subvolvani
2212 1033 2301 1090 pri-

34 1101 178 1148 volvis
206 1104 469 1150 remotiores
501 1106 681 1151 circiter
710 1108 937 1153 tricesima
967 1107 1121 1152 totius.
1184 1107 1345 1162 Itaque
1377 1104 1414 1148 si
1448 1103 1524 1148 Sol
1558 1103 1755 1149 declinat
1785 1102 1998 1160 privolvis
2031 1114 2132 1146 cum
2165 1099 2302 1157 pluri-

34 1181 157 1215 num
185 1182 335 1228 scrup.
367 1173 409 1217 5¹
440 1173 551 1229 30”,
584 1173 812 1218 subvolvis
843 1172 1086 1219 declinabit
1116 1185 1203 1219 scr.
1236 1174 1278 1217 5⁴
1309 1172 1410 1217 20¹⁴.
1470 1171 1595 1216 Haec
1626 1184 1718 1215 non
1759 1170 1862 1216 ideo
1897 1169 2132 1222 dicuntur,
2173 1166 2302 1223 quasi

33 1248 198 1293 magna
227 1237 288 1280 sit
318 1244 364 1282 et
394 1238 608 1284 notabilis
639 1239 728 1285 ista
749 1241 957 1292 varietas,
990 1239 1159 1296 quippe
1192 1251 1291 1284 cum
1322 1238 1453 1283 nobis
1484 1237 1596 1295 ipsis
1628 1238 1674 1282 in
1705 1234 1858 1282 Terris
1891 1243 2067 1279 sextam
2098 1230 2303 1288 scrupuli

33 1310 210 1359 partem
239 1303 480 1350 observare
511 1317 626 1362 pene
658 1305 717 1352 sit
746 1304 1039 1363 impossibile,
1072 1304 1153 1349 sed
1185 1311 1236 1349 ut
1266 1304 1467 1349 diluatur
1497 1303 1695 1360 suspicio
1717 1302 1901 1359 majoris
1930 1299 2127 1359 alicujus
2158 1297 2302 1341 varie-

33 1367 142 1412 tatis
172 1379 231 1412 ex
259 1367 348 1413 hoc
377 1380 501 1415 motu
532 1369 784 1417 latitudinis
814 1373 986 1417 Lunae.
1048 1370 1096 1416 Si
1126 1371 1365 1416 retinerem
1401 1383 1499 1415 eam
1542 1370 1717 1415 orbium
1755 1368 2121 1427 proportionem,
2168 1377 2303 1421 quam
2340 1409 2343 1412 .

34 1445 139 1478 eum
169 1433 397 1479 veteribus
427 1434 568 1480 tradit
597 1437 902 1494 Ptolemaeus,
935 1436 1179 1481 declinatio
1211 1437 1325 1482 haec
1355 1437 1412 1481 ad
1445 1438 1500 1482 15
1533 1436 1749 1494 scrupula
1781 1438 2059 1481 excurreret.

213 1501 312 1547 109.
342 1499 458 1556 Quia
489 1502 642 1548 Tellus
674 1511 721 1550 et
745 1505 877 1550 Luna
907 1504 1026 1549 circa
1056 1502 1207 1549 Solem
1237 1504 1456 1549 incedunt
1486 1510 1615 1547 motu
1647 1515 1823 1555 annuo,
1855 1500 1988 1544 Luna
2019 1494 2154 1542 etiam
2185 1497 2306 1542 circa

32 1565 262 1614 Tellurem
299 1566 501 1624 interim,
546 1569 599 1614 fit
630 1577 682 1615 ut
718 1571 867 1616 media
904 1571 1024 1616 inter
1055 1571 1205 1616 Solem
1237 1575 1284 1615 et
1311 1572 1502 1616 Terram
1533 1569 1741 1626 veniens,
1788 1566 1970 1625 quaudo
2012 1566 2143 1610 nobis
2187 1577 2305 1608 nova

31 1639 260 1689 censetur,
292 1633 443 1678 obviet
472 1636 614 1681 motui
644 1637 855 1683 Telluris.
907 1637 1011 1682 Non
1041 1645 1191 1683 tamen
1225 1636 1380 1682 obviat
1407 1640 1604 1690 tantum,
1637 1640 1856 1692 quantum
1887 1631 2043 1678 Tellus
2074 1630 2305 1688 progredi-

34 1704 124 1759 tur.
184 1698 325 1744 Terra
355 1701 472 1745 enim
504 1710 679 1759 partem
709 1703 1071 1749 trecentesimam
1104 1703 1429 1761 sexagesimam
1463 1703 1666 1761 quintam
1699 1701 1822 1746 orbis
1854 1699 1924 1746 sui
1955 1698 2112 1744 dietim
2143 1696 2305 1755 pergit,

33 1764 167 1812 Luna
186 1765 456 1812 tricesimam
477 1774 653 1815 tantum
675 1770 759 1824 sui,
795 1782 912 1827 quae
935 1785 1036 1816 cum
1069 1770 1129 1816 sit
1157 1771 1295 1829 paulo
1326 1771 1474 1827 major
1505 1768 1791 1828 sexagesima
1822 1773 1951 1824 parte
1981 1765 2126 1820 illius,
2166 1762 2305 1817 hujus

33 1830 173 1890 igitur
200 1833 508 1889 sexagesimae
538 1836 766 1882 tricesima
797 1842 868 1882 est
894 1837 1133 1881 millesima
1162 1836 1536 1893 octingentesima
1567 1836 1747 1882 circiter
1784 1833 1925 1879 totius
1956 1830 2131 1876 itineris
2164 1836 2304 1874 terre-

35 1897 145 1943 stris
181 1904 229 1944 et
259 1899 325 1945 sic
353 1911 460 1957 pars
489 1902 648 1958 quinta
689 1902 831 1958 partis
864 1905 960 1962 gssg.
1023 1903 1182 1960 Itaque
1215 1902 1347 1948 Luna
1377 1914 1479 1948 cum
1520 1902 1649 1946 nobis
1689 1901 1828 1958 plena
1869 1906 2082 1945 cen-etur
2122 1895 2304 1942 conficit

34 1970 189 2022 partes
223 1965 382 2024 {ejua
414 1968 534 2024 quod
557 1968 720 2022 Terra,
750 1977 798 2014 at
828 1983 927 2015 cum
960 1984 1078 2016 nova
1107 1976 1261 2028 partes
1284 1971 1323 2030 ξ,
1354 1976 1401 2016 et
1431 1970 1495 2014 sic
1525 1969 1600 2013 hic
1629 1973 1779 2011 motus
1811 1974 1881 2010 est
1910 1964 2032 2009 illius
2063 1961 2304 2019 subsesqui

34 2028 156 2087 plus.
217 2031 304 2077 Sed
336 2033 587 2080 monendus
617 2042 689 2081 est
718 2036 884 2092 lector,
928 2037 1144 2093 scriptum
1188 2048 1289 2080 esse
1330 2035 1552 2081 somnium
1597 2040 1702 2078 ante
1735 2032 1937 2077 ultimam
1979 2030 2302 2087 perfectionem

35 2097 345 2153 proportionis
377 2099 567 2157 orbium,
600 2101 780 2158 quando
812 2102 961 2148 adhuc
983 2101 1144 2147 dabam
1165 2103 1407 2155 veteribus,
1441 2101 1594 2146 Solem
1625 2101 1788 2146 abesse
1816 2099 1928 2144 1200
1960 2096 2140 2142 circiter
2172 2097 2304 2141 semi-

37 2159 267 2208 diametris
299 2163 482 2223 Terrae,
514 2167 690 2212 Lunam
723 2169 796 2224 60,
829 2176 875 2213 et
905 2169 971 2213 sic
1001 2169 1339 2226 proportionem
1363 2167 1539 2213 orbium
1562 2180 1650 2211 non
1673 2165 2038 2222 sexagecuplam‚
2071 2164 2149 2208 sed
2183 2163 2303 2220 vige-

37 2227 217 2285 duplam
248 2241 366 2278 esse.
429 2232 540 2277 Cum
572 2246 679 2289 ergo
715 2233 874 2278 Lunae
903 2234 1053 2279 orbita
1083 2240 1279 2291 ponatur
1311 2233 1378 2280 sic
1408 2247 1509 2279 esse
1540 2233 1751 2279 vicesima
1782 2244 1888 2288 pars
1921 2230 2094 2276 orbitae
2119 2230 2303 2287 Terrae,

38 2291 176 2350 hujus
205 2294 346 2351 igitur
373 2298 610 2344 vicesimae
640 2312 745 2355 pars
775 2297 1016 2355 tricesima,
1051 2299 1211 2344 diurna
1242 2297 1428 2353 scilicet,
1462 2304 1532 2344 est
1562 2298 1890 2343 sexcentesima
1929 2296 2104 2341 orbitae
2135 2296 2308 2341 Terrae

37 2364 85 2404 et
127 2358 194 2404 sic
232 2359 335 2417 plus
374 2377 509 2420 quam
549 2363 732 2411 dimidia
771 2364 919 2409 diurni
969 2371 1120 2410 motus
1160 2365 1344 2410 Terrae.
1417 2364 1706 2421 Relinquitur
1744 2363 1883 2419 igitur
1924 2362 1980 2408 de
2022 2362 2307 2419 promotione

38 2422 207 2475 Terrae
237 2427 400 2475 diurna
429 2430 513 2475 sub
545 2430 662 2487 fixis,
693 2431 964 2489 relinquitur
993 2432 1176 2489 inquam
1198 2432 1357 2478 Lunae
1388 2442 1531 2476 novae
1562 2430 1711 2476 minus
1743 2443 1878 2486 quam
1900 2428 2148 2483 dimidium,
2183 2426 2306 2485 quod

39 2498 110 2537 est
139 2504 254 2549 pene
286 2495 410 2555 nihil,
442 2497 754 2544 accumulatur
785 2499 949 2556 plenae
980 2499 1083 2558 plus
1106 2513 1241 2556 quam
1263 2498 1626 2556 sesquialterum,
1658 2497 1747 2542 hoc
1779 2501 1850 2540 est
1880 2495 1983 2552 plus
2004 2509 2138 2552 quam
2165 2494 2306 2552 quad-

39 2557 171 2615 ruplo
202 2560 392 2607 celerius
422 2573 763 2620 promoveretur
798 2565 936 2622 plena
973 2579 1107 2622 quam
1146 2578 1276 2609 nova.
1340 2565 1452 2610 Cum
1495 2569 1646 2609 autem
1679 2563 1810 2606 Luna
1848 2560 1950 2618 ipsa
1990 2561 2170 2618 populis
2210 2559 2304 2604 suis

43 2623 274 2682 quiescere
304 2636 570 2686 censeatur,
619 2630 695 2676 Sol
727 2631 922 2677 vicissim
963 2631 1084 2676 hunc
1125 2637 1295 2676 motum
1327 2639 1373 2676 et
1404 2631 1523 2676 hanc
1552 2627 1837 2685 inaequalem
1869 2627 2165 2685 promotionis
2197 2639 2307 2672 suae

41 2689 315 2737 celeritatem
347 2695 568 2740 sustinere
599 2697 840 2744 videbitur.
902 2699 1004 2744 Huc
1035 2704 1307 2756 provocatur
1337 2711 1364 2742 a
1396 2704 1614 2755 sequente
1646 2703 1755 2741 nota
1791 2695 1886 2740 152.

220 2762 318 2806 110.
359 2759 454 2805 Soli
492 2775 574 2818 per
604 2776 654 2807 se
684 2764 865 2822 penitus
894 2765 1113 2810 immobili
1158 2766 1404 2823 simplicius
1445 2763 1785 2810 transscribitur
1823 2776 1849 2807 a
1888 2760 2111 2807 terricolis
2157 2763 2306 2805 motus

21 2819 236 2882 ,Tfflnris
266 2825 454 2872 diurnus
483 2827 528 2872 in
560 2829 669 2885 orbe
697 2844 884 2890 magno,
927 2845 955 2877 a
984 2833 1220 2878 lunaribus
1251 2840 1400 2878 motus
1431 2833 1615 2888 Lunae,
1649 2828 1928 2886 compositus
1958 2841 2015 2873 ex
2046 2834 2170 2871 motu
2202 2826 2306 2871 Tel-

21 2886 151 2934 ¹lnris
180 2902 330 2936 annuo
361 2899 407 2938 et
437 2893 595 2941 Lunae
624 2904 871 2954 menstruo,
902 2898 1095 2944 tendens
1127 2899 1246 2944 circa
1279 2899 1450 2953 Solem3
1486 2896 1738 2952 Mercurio,
1769 2896 1956 2953 Veneri,
1991 2893 2128 2939 Marti
2161 2894 2305 2948 magis

42 2955 230 3002 confuse
259 2960 614 3013 transm-ibitur,
645 2963 820 3010 scilicet
850 2979 950 3010 cum
984 2966 1262 3011 involutione
1292 2971 1494 3011 motuum
1527 2965 1626 3021 eius
1657 2964 1942 3020 propriorum
1974 2963 2304 3019 apparentium.

42 3017 158 3066 nom
188 3022 228 3066 si
258 3023 439 3069 omnino
471 3026 614 3073 Terra
644 3036 690 3074 et
720 3031 852 3076 Luna
881 3037 1007 3077 motu
1037 3045 1186 3077 annuo
1219 3038 1265 3077 et
1296 3033 1428 3077 Luna
1458 3036 1689 3076 menstruo
1713 3029 2012 3085 quiescerent,
2046 3028 2306 3071 viderentur

42 3083 330 3133 nihilominus
360 3088 407 3134 hi
437 3090 648 3146 planetae
677 3097 859 3152 moveri,
892 3097 1016 3142 Mars
1050 3096 1230 3153 quidem
1264 3110 1345 3154 per
1373 3101 1520 3142 totum
1542 3096 1790 3147 zodiacum,
1821 3093 2089 3149 tardissime,
2124 3092 2303 3147 quando

44 3155 244 3226 est-cum
273 3151 401 3211 Sole,
432 3156 716 3204 velocissime
748 3160 794 3205 in
826 3162 924 3217 eJ’us
957 3161 1197 3220 opposito;
1239 3162 1394 3206 Venus
1427 3175 1534 3207 vero
1567 3167 1612 3205 et
1642 3159 1894 3205 Mercurius
1926 3171 2014 3202 non
2047 3169 2129 3213 per
2157 3163 2302 3200 totum

42 3214 286 3272 andiacum,
316 3219 397 3267 sed
427 3221 474 3268 in
503 3223 661 3269 vicinia
695 3226 815 3272 Solis
846 3228 1111 3273 viderentur
1141 3234 1267 3272 motu
1298 3227 1530 3285 reciproco
1561 3226 1698 3272 certis
1731 3225 1946 3282 gradibus
1977 3235 2094 3267 nunc
2126 3230 2303 3267 antece-

43 3276 162 3338 &1'32
194 3297 313 3330 nunc
342 3289 471 3345 sequi
503 3289 666 3336 Solem.
729 3292 847 3336 Huic
877 3292 1079 3349 ipsorum
1124 3293 1418 3350 apparentiae
1458 3293 1669 3350 propriae
1707 3292 1797 3347 iam
1828 3298 1977 3335 motus
2008 3287 2096 3345 illi,
2138 3287 2302 3345 quibus

45 3347 271 3395 vehuntur
301 3350 457 3399 Tellus
489 3361 536 3400 et
564 3355 712 3408 Luna,
746 3357 983 3403 admisceri
1014 3357 1224 3404 videntur
1253 3358 1478 3404 terricolis
1511 3364 1558 3403 et
1585 3356 1811 3403 lunicolis.

216 3416 316 3464 111.
350 3418 400 3465 Si
427 3425 598 3474 motus,
632 3422 795 3479 quibus
815 3423 948 3468 Luna
976 3429 1204 3480 movetur,
1243 3424 1467 3470 sideribus
1505 3422 1892 3468 transscribuntur
1922 3432 1978 3463 ex
2009 3418 2303 3475 apparentiae

44 3477 236 3529 vitoriae
265 3481 545 3543 deceptione,
579 3494 702 3533 certe
731 3488 850 3532 inter
879 3497 1030 3533 motus
1060 3488 1218 3533 Lunae
1250 3495 1321 3533 est
1353 3497 1399 3533 et
1429 3488 1531 3545 ille,
1562 3488 1639 3543 qui
1670 3487 1844 3533 Lunam
1878 3495 2124 3542 apogaeum
2155 3485 2305 3531 reddit

45 3545 235 3620 tardam,
267 3547 520 3608 perigaeam
552 3553 762 3598 velocem.
805 3552 983 3597 Accidit
1003 3565 1122 3608 vere,
1155 3558 1206 3596 ut
1236 3553 1367 3597 Luna
1391 3553 1485 3610 jam
1508 3553 1644 3610 plena
1676 3553 1735 3597 sit
1755 3550 2025 3600 tardissima,
2053 3549 2148 3607 jam
2169 3563 2300 3607 nova,

32 3621 135 3667 *nn
168 3611 326 3671 bifida,
367 3623 415 3662 et
445 3617 490 3663 in
527 3619 647 3663 omni
687 3618 940 3664 successive
982 3619 1126 3676 phasi.
1190 3619 1300 3664 Cum
1332 3632 1438 3665 vero
1470 3619 1605 3677 plena
1636 3625 1707 3664 est
1737 3620 1889 3674 Luna,
1924 3617 2301 3663 subvolvanorum

31 3677 179 3725 *medii
223 3688 411 3728 censent
451 3682 610 3730 horam
647 3696 749 3730 esse
790 3684 1105 3738 meridianam,
1148 3698 1250 3729 cum
1290 3697 1419 3735 nova,
1467 3685 1624 3730 horam
1657 3684 1831 3729 mediae
1864 3683 2030 3738 noctis,
2073 3682 2302 3741 privolvae

49 3744 336 3794 marium.

221 3814 318 3861 112.
348 3813 523 3862 Tantus
553 3821 625 3861 est
652 3821 803 3862 motus
832 3815 1023 3873 apogaei
1056 3827 1139 3873 per
1166 3813 1415 3861 zodiacum.

223 3881 322 3930 113.
351 3880 536 3941 Posito,
579 3881 701 3941 quod
738 3891 868 3929 recta
896 3894 979 3940 per
1008 3889 1213 3928 centrum
1244 3880 1439 3939 Terrae,
1475 3879 1612 3928 rectis
1649 3878 1828 3940 angulis
1865 3879 2079 3928 insistens
2110 3893 2301 3928 connec-

1886 3953 1950 4000 4.

19 2740 22 2774 l

19 2787 22 2804 ι
