2652 4088
906 159 954 206 11
996 160 1226 208 Historias
1255 165 1302 208 et
1330 160 1623 218 Philologica.
2281 153 2387 211 217

317 309 569 375 Occupata
616 311 764 375 igitur
802 308 1029 359 Galilaea
1074 325 1201 360 anno
1243 314 1327 362 39.
1381 312 1444 360 ab
1493 312 1648 372 exim,
1697 307 1884 358 divisae
1935 312 2088 358 sortes
2136 320 2261 356 anno
2303 311 2386 367 46,

145 385 263 432 victi
303 400 333 433 a
370 386 740 448 Mesopotamiis
778 397 904 433 anno
936 389 1018 443 64,
1056 399 1245 433 rursum
1285 387 1504 434 vicerunt
1541 398 1625 433 eos
1664 397 1790 432 anno
1834 389 1914 433 72.
1953 381 2072 430 duee
2111 378 2387 445 Othoniele,

143 459 260 505 victi
287 473 315 505 a
341 458 575 507 Moabitis
604 463 711 518 etc„
753 471 878 506 anno
911 462 1035 516 112,
1078 473 1247 507 caesus
1274 458 1431 520 Eglon
1459 471 1585 506 anno
1618 462 1733 506 130.
1785 456 1917 504 Bene
1945 460 2097 517 agunt
2132 468 2286 516 usque
2325 452 2388 501 ad

142 545 322 579 annum
365 537 491 591 190,
542 546 652 580 cum
700 532 938 593 incipiunt
977 530 1195 578 divexari
1235 547 1264 579 a
1303 531 1601 590 CanariaeiS‚
1655 542 1779 593 quos
1827 529 2026 576 vincunt
2062 529 2152 576 sub
2192 527 2389 576 Debora

141 618 269 651 anno
311 609 431 652 210.
505 603 713 652 Rursum
753 618 923 666 pacem
962 603 1145 652 habent
1183 618 1336 667 usque
1379 610 1497 659 243,
1536 603 1820 651 Midianitas
1863 604 2059 650 vincunt
2097 615 2223 649 anno
2265 604 2384 648 250.

142 676 351 724 Moritur
390 676 591 724 Gedeon
631 691 756 725 anno
799 682 919 737 290,
958 676 1243 725 Abimelech
1287 679 1404 738 293,
1446 677 1604 724 Thala
1633 681 1750 725 316.
1814 675 1938 723 Tum
1977 675 2065 722 sub
2093 673 2230 722 Jairo
2261 686 2407 736 anno¹

143 754 246 799 320
285 751 523 812 incipiunt
558 750 812 798 Philistaei
853 752 1168 812 irruptionem
1206 750 1361 798 facere
1402 752 1449 797 in
1489 749 1775 808 Galilacam,
1817 750 2075 796 vincuntur
2111 761 2237 795 anno
2266 750 2386 795 338.

316 821 569 875 Hactenus
624 822 693 869 nil
744 838 820 870 me
869 829 1033 871 movet
1078 823 1384 871 Maestlinus.
1459 821 1574 871 Jam
1627 823 1828 884 opponit
1872 821 2037 884 aliqua
2085 820 2391 882 dispositioni

141 901 410 956 temporum
448 901 560 957 post
596 894 880 957 Jephtham.
957 896 1120 944 Primo
1159 897 1437 956 videamUS,
1487 910 1548 943 an
1588 909 1775 943 summa
1814 907 2048 942 annorum
2088 897 2188 942 480
2230 893 2387 941 forsan

141 982 201 1017 ex
241 972 343 1016 300
370 967 618 1030 Jephthae
658 975 706 1015 et
731 983 866 1030 seqq.
908 971 970 1016 sit
1009 969 1247 1017 collecta?
1299 970 1515 1032 Apparet
1541 975 1721 1033 autem,
1759 967 1808 1014 id
1835 967 2009 1014 frustra
2034 981 2108 1014 me
2137 966 2386 1028 suspicari.

315 1040 608 1089 Maestlinus
646 1041 763 1088 mihi
802 1043 970 1103 objicit
1011 1043 1063 1102 1)
1092 1042 1362 1090 Simsonem
1403 1042 1688 1089 durantibus
1715 1045 1780 1089 40
1820 1041 1958 1087 annis
1996 1040 2240 1088 servitutis
2269 1038 2387 1086 Phi-

140 1115 420 1163 listaeoium
471 1120 654 1162 natum.
729 1113 1050 1175 RespondeO,
1103 1114 1330 1177 angelum
1369 1114 1495 1176 (Iud.
1541 1116 1629 1175 13)
1679 1127 1771 1161 non
1806 1117 1916 1167 (vide
1948 1117 2087 1173 supra)
2132 1111 2190 1160 de
2243 1126 2388 1174 prae-

141 1189 267 1236 senti
305 1188 539 1235 servitute
577 1187 729 1248 loqui
792 1187 1055 1247 Nimir,um
1096 1189 1136 1235 si
1178 1187 1256 1236 vel
1293 1190 1446 1250 primo
1486 1201 1612 1236 anno
1653 1187 1900 1235 servitutis
1938 1194 2080 1233 natus
2107 1190 2235 1234 esset
2259 1184 2389 1232 Sim-

142 1275 255 1318 son,
295 1274 449 1308 annos
486 1266 632 1307 natus
675 1265 737 1308 19
779 1260 1040 1322 incepisset
1087 1259 1331 1321 judicare,
1385 1275 1483 1323 qua
1531 1266 1691 1308 aetate
1740 1274 1826 1322 pro
1875 1260 2035 1322 pueris
2087 1245 2391 1306 habebantur

140 1333 370 1383 Hebraei.
440 1332 492 1395 2)
533 1331 715 1394 Objicit
753 1333 870 1379 mihi
908 1334 1332 1394 anticipationem,
1375 1333 1527 1395 quod,
1569 1335 1615 1380 in
1655 1333 1789 1380 libris
1830 1332 2051 1381 Iudicum
2087 1332 2290 1379 historia
2329 1329 2392 1378 ad

140 1407 284 1454 finem
309 1406 384 1452 Eli
411 1404 658 1468 perducta,
692 1406 797 1467 jam
836 1407 882 1452 in
909 1406 1033 1454 libro
1060 1406 1302 1454 Samuelis
1342 1408 1601 1469 incipiatur
1626 1405 1862 1468 disputari
1902 1405 1961 1454 de
2002 1410 2108 1453 ortu
2134 1403 2390 1455 Samuelis.

141 1478 450 1542 RespondeO,
490 1478 610 1526 nihil
647 1480 762 1527 novi
803 1493 938 1539 esse;
979 1481 1128 1527 servit
1153 1479 1268 1528 huic
1305 1481 1399 1543 ipsi
1436 1481 1519 1539 rei,
1560 1479 1690 1542 quod
1717 1493 1874 1527 novus
1897 1478 2020 1526 liber
2053 1479 2222 1540 incipit
2249 1476 2390 1524 titulo

145 1552 400 1601 Samuelis.
465 1551 663 1614 Repetit
700 1553 848 1614 igitur
885 1558 1042 1599 ortum
1082 1553 1186 1614 ejus
1225 1553 1389 1614 altius²
1427 1560 1481 1600 ut
1519 1558 1567 1600 et
1604 1552 1791 1615 profani
1818 1554 2089 1614 scriptores
2158 1552 2212 1612 3)
2242 1550 2388 1599 Veri-

141 1625 296 1674 simile
322 1631 486 1688 putat,
528 1631 681 1673 morte
709 1625 946 1673 Simsonis
970 1627 1215 1674 terminari
1240 1628 1550 1686 servitutem,
1606 1627 1778 1674 occisis
1815 1626 2114 1688 principibus
2153 1625 2389 1688 tyrannis,

144 1698 323 1747 Contra
361 1712 452 1760 ego
495 1698 755 1746 verisimile
793 1704 928 1760 put0‚
968 1705 1171 1747 mortem
1209 1705 1281 1747 tot
1306 1700 1576 1762 principum
1615 1701 1864 1762 ipsiusque
1892 1698 2129 1747 Simsonis
2170 1699 2393 1746 occasio-

141 1785 251 1820 nem
289 1770 482 1820 dedisse
519 1778 567 1820 et
605 1771 828 1819 hostibus
867 1771 1067 1820 ultionis
1107 1779 1155 1820 et
1192 1773 1459 1821 tributariis
1484 1771 1784 1834 arripiendae
1811 1772 2062 1831 libertatis,
2105 1771 2243 1834 cujus
2277 1769 2391 1819 belli

142 1849 347 1893 eventus
396 1845 539 1892 fuerit
576 1846 644 1903 is,
699 1847 782 1906 qui
819 1845 869 1891 in
907 1851 1058 1893 morte
1097 1844 1174 1893 Eli
1221 1845 1411 1908 legitur.
1491 1846 1544 1906 4)
1587 1844 1783 1906 Objicit,
1825 1851 1989 1908 aperte
2027 1843 2103 1893 Eli
2150 1845 2392 1893 accenseri

137 1916 401 1979 jndicibus,
451 1916 760 1979 RespondeO,
803 1923 968 1980 aperte
996 1918 1272 1981 praeficitur
1297 1933 1484 1967 summo
1512 1919 1842 1981 pontificatui3
1884 1926 1932 1967 et
1968 1918 2046 1966 hic
2084 1919 2190 1980 ipse
2229 1918 2393 1980 ponti-

140 1990 313 2039 ficatus
345 1989 597 2052 judicatus
636 1997 725 2038 est.
800 1991 959 2039 Notae
1012 1991 1148 2053 leges
1188 1991 1547 2052 Hebraeorum,
1602 1994 1776 2054 quibus
1817 1991 2104 2055 ablegantur
2142 1990 2391 2053 litigantes

141 2063 203 2111 ad
242 2063 534 2126 pontificem.
586 2061 730 2123 Quod
769 2069 933 2112 autem
972 2078 1032 2113 ca
1069 2070 1356 2127 tempestate
1396 2064 1458 2117 ad
1484 2065 1657 2113 heroas
1697 2079 1891 2127 quoque
1931 2067 2050 2113 itum
2092 2069 2178 2124 est,
2220 2066 2392 2126 singu-

139 2136 242 2185 lare
281 2142 368 2193 est,
422 2135 651 2184 viderunt
700 2136 796 2184 illis
846 2138 1005 2186 inesse
1055 2137 1270 2186 divinam
1321 2140 1564 2186 virtutem.
1644 2137 1817 2186 Adhuc
1865 2137 2030 2187 David
2079 2138 2390 2185 fortissimum

140 2224 381 2272 quemque
422 2211 545 2258 inter
581 2223 698 2257 suos
737 2210 1042 2258 consiliarios
1082 2211 1241 2273 elegit.
1316 2212 1367 2274 5)
1405 2211 1616 2273 Novum,
1656 2213 1739 2271 ait,
1779 2210 1942 2273 plures
1981 2211 2126 2259 simul
2166 2225 2273 2259 esse
2306 2210 2392 2273 ju-

141 2283 288 2331 dices.
364 2281 687 2345 Respondeo:
742 2297 838 2331 non
876 2283 969 2331 fuit
1009 2283 1219 2332 officium
1261 2285 1580 2345 ordinarium,
1633 2291 1687 2333 ut
1723 2287 1878 2346 regiS‚
1919 2283 2186 2347 pontificis,
2241 2283 2392 2343 duciS,

140 2357 189 2403 in
228 2356 405 2418 quibus
444 2370 592 2403 unum
632 2369 738 2404 esse
787 2371 876 2417 par
926 2362 1023 2417 est3
1077 2357 1164 2405 sed
1215 2358 1425 2406 officium
1477 2358 1565 2406 fuit
1613 2359 1717 2406 sine
1755 2363 2021 2419 potestate,
2073 2355 2288 2420 pendens
2328 2356 2390 2404 ab

144 2431 373 2492 opinione
412 2430 700 2491 sapientiae.
777 2428 914 2478 Talis
954 2429 1161 2478 Athenis
1199 2431 1290 2478 fuit
1327 2430 1503 2491 Solon,
1543 2430 1703 2479 Mileti
1742 2430 1949 2492 Thales,
2003 2431 2210 2480 Athenis
2250 2429 2392 2478 Plato

140 2509 231 2551 etc.
308 2502 526 2564 Cumque
576 2503 796 2564 spatiosa
847 2508 977 2550 esset
1014 2505 1289 2565 provincia,
1346 2503 1462 2566 quid
1501 2504 1749 2566 prohibet,
1806 2505 1970 2567 plures
2021 2503 2165 2552 simul
2202 2502 2391 2551 fuisse?

142 2572 246 2625 Imo
287 2577 393 2638 ipsa
430 2577 555 2623 ratio
594 2575 796 2636 suadet,
845 2590 1036 2638 semper
1069 2577 1211 2638 juxta
1245 2577 1461 2639 judicem
1499 2577 1649 2626 fuisse
1690 2591 1928 2625 summum
1969 2577 2262 2640 pontificem.
2329 2575 2390 2624 Et

144 2649 380 2697 nonnulla
418 2650 627 2711 vestigia
665 2650 714 2696 in
752 2650 848 2696 isto
886 2648 1009 2697 libro
1049 2655 1183 2710 sunt,
1223 2658 1279 2698 ut
1315 2651 1354 2698 si
1393 2652 1442 2697 in
1479 2656 1615 2713 parte
1653 2652 1933 2713 provinciae
1972 2655 2300 2714 premerentur
2341 2654 2390 2697 et

143 2722 285 2770 rebus
326 2725 432 2783 quis
470 2727 785 2782 succurreret,
824 2723 865 2769 is
903 2723 953 2770 in
994 2737 1053 2771 ea
1089 2728 1228 2785 parte
1266 2722 1572 2784 claresceret,
1614 2726 1760 2774 ceteri
1802 2730 1969 2773 contra
2007 2727 2165 2787 ipsum
2205 2722 2390 2772 tumul-

146 2800 408 2843 tuarentur.
463 2793 670 2843 Omnino
710 2809 806 2844 nou
847 2800 921 2844 est
959 2796 1238 2857 verisimile,
1278 2810 1443 2846 omnes
1482 2799 1733 2857 recenseri,
1776 2800 1858 2860 qui
1891 2798 1973 2860 jus
2014 2797 2261 2857 dixissent,
2304 2794 2390 2844 sed

143 2867 255 2915 illos
291 2867 464 2927 solum,
505 2869 589 2930 qui
627 2867 754 2917 hanc
792 2871 1133 2918 auctoritatem
1169 2872 1352 2932 pietate
1379 2872 1427 2916 in
1455 2872 1661 2932 patriam
1689 2877 1736 2920 et
1761 2870 2042 2919 fortitudine
2069 2870 2385 2920 redemerant.

142 2940 278 2989 Talis
315 2940 407 2988 suit
446 2947 494 2989 et
530 2940 750 3003 Samgar,
792 2942 876 3003 qui
913 2942 1004 2991 sub
1045 2939 1304 2991 Othoniele
1339 2943 1590 3006 judicavit.
1627 2972 1699 2979 ——

314 3013 473 3075 Supra
510 3015 559 3061 in
598 3016 738 3062 annis
780 3018 881 3063 300
922 3014 1171 3077 Jephthae
1210 3015 1497 3065 admiseram
1547 3030 1699 3065 annos
1746 3020 1807 3065 18
1848 3017 1939 3065 sub
1979 3016 2132 3080 Eglon
2188 3029 2391 3079 compu-

143 3084 333 3135 tandos.
399 3086 579 3146 Causa,
619 3101 702 3135 cur
727 3086 851 3135 hanc
890 3087 1045 3136 solam
1085 3089 1368 3138 servitutem
1394 3091 1660 3137 censuerim
1690 3090 2080 3152 computandam,
2122 3089 2226 3147 suit,
2270 3090 2386 3151 quia

142 3161 330 3207 initium
370 3174 535 3208 eorum
574 3161 644 3208 sic
683 3159 993 3208 describitur:
1039 3162 1289 3226 „abiitque
1329 3160 1482 3223 Eglon
1512 3166 1560 3209 et
1583 3164 1821 3224 percussit
1846 3162 1997 3210 Israel
2039 3168 2087 3211 et
2127 3163 2388 3224 occupavit

142 3234 390 3281 civitatem
427 3232 749 3295 palmarum“.
827 3232 922 3280 Hic
959 3247 1072 3294 ergo
1111 3247 1207 3280 non
1246 3239 1408 3295 potest
1448 3234 1565 3293 dici,
1608 3239 1782 3282 terram
1822 3237 2068 3297 quievisse
2109 3250 2138 3283 a
2176 3235 2390 3297 proeliis.

142 3304 278 3354 Haec
316 3311 418 3353 tum
456 3320 564 3353 mea
604 3305 692 3352 suit
731 3306 871 3353 ratio.
949 3304 1046 3353 Sed
1085 3305 1199 3367 quid
1238 3308 1279 3353 si
1318 3321 1377 3355 ne
1418 3305 1610 3367 quidem
1659 3307 1770 3355 illos
1826 3312 1886 3355 18
1930 3322 2082 3355 annos
2137 3315 2390 3370 compute-

143 3393 266 3435 mus,
307 3377 423 3439 quid
462 3379 501 3425 si
541 3377 626 3425 illa
662 3377 825 3440 phrasi
866 3377 1142 3439 designetur
1180 3377 1374 3439 quidem
1413 3381 1490 3426 vis
1531 3378 1707 3437 hostis,
1748 3379 1834 3427 sed
1871 3380 2007 3428 nulla
2047 3381 2108 3428 ab
2149 3380 2385 3430 Israelitis

146 3450 425 3509 vindicatio,
466 3451 652 3511 quievit
691 3456 816 3499 terra
853 3452 995 3498 annis
1035 3455 1118 3510 40,
1157 3450 1204 3496 h.
1245 3464 1285 3499 e.
1327 3451 1416 3499 etsi
1457 3465 1583 3498 anno
1626 3456 1690 3499 2⁴2
1732 3458 1844 3513 post
1882 3455 2063 3500 victum
2105 3452 2386 3503 Chusanum

142 3524 299 3586 Eglon
339 3522 448 3570 illos
489 3524 721 3584 inciperet
757 3536 973 3583 premere
1013 3529 1060 3570 et
1099 3521 1337 3584 quaedam
1381 3522 1489 3571 loca
1529 3530 1815 3585 occuparet,
1862 3524 1996 3574 nulla
2035 3532 2197 3574 tamen
2237 3542 2389 3590 expe-

51 3635 54 3644 .
143 3595 260 3644 ditio
299 3596 389 3643 suit
426 3601 669 3656 suscepta.
747 3595 1076 3656 Elanguerant
1115 3596 1239 3643 enim
1277 3609 1364 3657 pcr
1401 3594 1512 3642 illos
1555 3600 1618 3644 22
1661 3610 1828 3655 annos,
1871 3605 2190 3647 consenuerat
2229 3599 2389 3650 Otho-

49 3679 53 3698 ²
140 3668 252 3729 niel,
292 3671 388 3715 imo
440 3669 602 3729 potius
652 3672 755 3715 erat
802 3666 950 3728 paulo
1005 3673 1116 3715 ante
1156 3674 1398 3728 mortuuS,
1452 3669 1682 3716 carebant
1720 3671 1902 3731 capite,
1956 3672 2232 3721 maluerunt
2271 3688 2387 3736 crgo

46 3763 53 3777 -·
142 3740 395 3790 tolerabile
435 3741 666 3788 tributum
704 3741 902 3801 ancipiti
944 3738 1072 3787 bello
1112 3740 1373 3802 praeferre,
1416 3740 1544 3802 quod
1584 3755 1738 3790 annos
1782 3747 1844 3791 18
1885 3744 2186 3807 pendebant,
2227 3747 2296 3796 ita
2335 3754 2389 3795 ut

51 3816 56 3865 ἶ
140 3817 411 3877 quiesceret
461 3820 588 3861 terra
636 3812 700 3860 ab
748 3812 1140 3874 expeditionibus
1188 3814 1235 3860 in
1288 3815 1564 3862 universum
1615 3829 1767 3863 annos
1810 3820 1893 3865 40.
1971 3816 2078 3867 Hoc
2119 3818 2289 3880 modo,
2343 3822 2384 3867 si

143 3900 297 3937 annos
351 3891 412 3936 18
462 3885 925 3949 comprehendamus
976 3886 1067 3935 sub
1114 3886 1516 3949 praecedentibus
1559 3892 1652 3950 40,
1710 3887 1872 3939 hiatus
1924 3890 2049 3941 inter
2100 3891 2385 3942 divisionem
