2652 4088
314 170 421 229 268
908 166 1194 212 Collectanea
1224 178 1281 211 ex
1313 165 1542 213 codicibus
1572 165 1966 212 Pulkoviensibus.

316 333 399 370 eos
435 317 800 379 impressionem
836 316 955 366 facit
993 320 1041 365 et
1077 314 1382 378 quorundam
1421 318 1763 365 conversiones
1801 330 1888 379 pro
1915 315 2103 364 ratione
2141 316 2354 365 ambitus
2390 321 2552 366 matu-

315 397 405 443 rat.
465 390 748 450 Mercurius,
790 406 819 439 a
846 390 960 439 Sole
998 390 1197 451 primuS,
1237 390 1635 451 angustissimum
1671 389 1822 437 habet
1848 388 2111 436 ambitum:
2150 402 2249 436 nou
2285 389 2430 450 igitur
2455 389 2553 439 alia

314 463 514 513 celerior
550 463 771 526 sphaera,
813 463 951 526 cujus
976 466 1137 509 motus
1163 462 1287 510 intra
1314 467 1342 523 3
1371 463 1608 510 mensium
1636 463 1847 525 spatium
1874 461 2050 510 finitur.
2115 460 2342 523 Sequitur
2368 461 2551 524 Venus,

313 550 438 599 quae
477 550 585 585 cum
625 535 854 584 distantia
892 540 1083 597 tempus
1123 540 1272 597 auget
1310 539 1359 583 et
1398 539 1426 582 9
1467 549 1657 584 menses
1703 534 1867 582 habet.
1943 532 2086 582 Hanc
2133 535 2352 597 sequitur
2388 534 2552 596 Terra,

312 608 475 658 media
513 610 636 657 inter
673 609 909 671 planetaS,
948 607 1148 671 planeta
1186 611 1234 656 et
1271 608 1393 670 ipsa,
1435 609 1518 670 qui
1555 607 1687 656 lucet
1725 609 1775 653 in
1814 606 1971 667 Luna,
2011 605 2182 655 induta
2218 606 2433 655 lunarem
2473 620 2555 655 or-

310 684 423 731 bem
459 687 770 742 menstruum,
810 695 1000 730 menses
1040 679 1186 728 efficit
1229 686 1311 742 12,
1351 679 1485 728 Mars
1524 682 1742 743 superior
1779 694 1971 728 menses
2013 685 2105 739 23,
2144 678 2366 742 Jupiter,
2407 681 2554 743 quin·
2648 723 2652 757 3

311 754 447 818 tuplo
487 771 516 804 a
554 753 682 803 Solis
720 759 882 802 centro
923 768 1068 816 quam
1107 753 1258 802 Terra
1293 755 1544 812 remotior,
1590 757 1651 801 12
1695 765 1873 811 annos,
1922 751 2158 801 Saturnus
2194 752 2437 815 noncuplo
2475 767 2555 802 re-
2639 762 2652 808 ἰ’

310 829 485 876 motior
539 833 605 876 30
657 841 826 876 annos.
903 827 1052 874 Fixas
1100 840 1243 887 vem,
1302 840 1409 874 cum
1458 825 1646 873 infinito
1684 839 1808 887 pene
1846 825 2104 874 intervallo
2142 840 2173 874 a
2209 824 2325 874 Sole
2363 825 2553 885 distent,
2647 875 2649 879 ,

313 901 516 950 decebat
554 905 690 949 tanto
732 914 927 963 quoque
967 899 1206 948 tardiores
1258 913 1381 960 esse,
1423 913 1630 961 cumque
1671 899 1833 947 omnia
1870 904 2110 960 tegerent,
2159 903 2319 946 motus
2365 904 2413 948 et
2460 899 2556 948 loci

312 975 358 1021 in
399 972 578 1022 mundo
618 975 856 1022 rationem
897 972 1158 1033 efficerent,
1200 973 1285 1035 qui
1321 978 1491 1021 neuter
1531 981 1658 1020 certe
1698 973 1801 1019 sine
1840 976 2118 1035 tegumento
2146 970 2353 1034 intelligi
2378 976 2555 1034 potest,
2632 963 2636 969 ’

314 1047 557 1108 convenit,
598 1051 652 1095 ut
687 1047 882 1109 penitus
920 1060 1018 1094 non
1057 1050 1380 1094 moverentur.
1456 1045 1518 1093 Et
1555 1045 1675 1092 haec
1714 1059 1743 1092 a
1780 1050 1916 1093 motu
1952 1044 2048 1093 loci
2088 1044 2217 1093 Solis
2254 1045 2494 1107 probatio.

483 1119 634 1168 Porro
671 1119 856 1182 Regem
892 1119 1025 1181 regia
1063 1118 1207 1167 stella
1245 1117 1407 1178 decet,
1461 1117 1554 1166 Dei
1594 1115 1889 1165 domicilium
1926 1119 2049 1167 situs
2088 1131 2311 1181 quoque,
2353 1119 2433 1181 qui
2461 1119 2556 1167 Dei

313 1192 677 1243 similitudinem
716 1193 856 1256 gerit.
933 1191 1055 1240 Tale
1095 1197 1310 1239 centrum
1358 1197 1453 1251 est,
1495 1206 1525 1239 a
1564 1204 1660 1253 quo
1699 1191 1904 1253 primum
1955 1198 2030 1240 est
2077 1190 2340 1254 generandi
2391 1192 2556 1240 circuli
2624 1244 2626 1246 ,

316 1272 364 1316 et
402 1265 637 1329 sphaerae
673 1266 977 1330 principium,
1018 1265 1144 1314 sicut
1182 1279 1211 1313 3
1237 1264 1344 1313 Deo
1385 1277 1551 1313 omnes
1590 1269 1853 1324 creaturae,
1894 1265 2040 1313 etiam
2068 1279 2097 1312 a
2123 1263 2236 1313 Sole
2277 1265 2432 1312 omnis
2457 1265 2556 1328 lux,

313 1341 482 1401 virtus,
524 1338 670 1401 calor,
712 1338 970 1388 efficientia
1008 1343 1056 1387 et
1091 1343 1252 1386 motus
1278 1337 1650 1401 proficiscuntur
1686 1337 1909 1399 primum.
1976 1336 2072 1387 Hic
2109 1337 2190 1386 ille
2229 1336 2429 1386 thronus
2470 1343 2557 1401 est,
2621 1338 2629 1381 j<

314 1413 475 1462 nullus
515 1412 656 1474 alius,
696 1413 747 1459 in
774 1426 871 1473 quo
910 1412 951 1459 is
977 1412 1244 1461 rectissime
1272 1410 1460 1460 medius
1498 1412 1622 1458 inter
1645 1409 1870 1472 planetas
1896 1409 2053 1459 lucem
2081 1410 2350 1474 aequaliter
2374 1411 2556 1474 spargit
2619 1399 2628 1462 ἕ

313 1487 677 1552 promissosque
717 1484 879 1534 radios
919 1483 982 1533 ad
1021 1486 1251 1533 extimam
1290 1483 1494 1532 fixarum
1520 1482 1836 1568 superficiem,
1878 1485 1994 1546 quia
2031 1484 2133 1533 illic
2170 1483 2386 1533 incidunt
2414 1485 2556 1534 rectis
2609 1461 2626 1526 l

311 1558 530 1621 angulis,
570 1557 742 1607 iisdem
784 1557 975 1620 angulis
1014 1557 1077 1607 ad
1116 1572 1167 1606 se
1203 1558 1493 1606 resultantes
1530 1557 1749 1605 resorbet
1786 1558 1831 1603 in
1873 1571 1978 1605 sese
2021 1563 2069 1606 et
2106 1558 2177 1606 sic
2217 1558 2378 1606 omnia
2416 1557 2557 1606 illus·
2615 1564 2623 1627 ἶ

308 1631 503 1692 trand0,
558 1633 698 1694 quasi
749 1631 948 1694 quidam
998 1645 1254 1694 corporeus
1294 1631 1454 1691 DeuS,
1503 1644 1556 1679 se
1593 1632 1751 1692 ipsum
1790 1628 2027 1690 illustrat,
2079 1632 2196 1694 quia
2232 1630 2295 1680 ab
2335 1631 2556 1680 omnibus
2608 1641 2621 1696 ,ζ

310 1705 566 1753 illustratis
603 1704 768 1753 radius
808 1702 871 1752 ad
908 1706 1068 1767 ipsum
1108 1703 1273 1753 Solem
1311 1702 1557 1763 relabitur,
1598 1705 1724 1751 sicut
1763 1717 1792 1750 a
1830 1705 2061 1752 creaturis
2099 1703 2256 1767 gloria
2292 1704 2355 1752 ad
2380 1705 2554 1754 Deum.
2612 1702 2619 1730 ς’

309 1778 474 1840 Atque
511 1777 605 1827 hac
642 1776 886 1830 radiorum
924 1778 1305 1840 reciprocatione
1344 1791 1450 1825 sese
1489 1778 1594 1839 ipse
1622 1781 1852 1838 tanquam
1879 1778 1928 1823 in
1955 1778 2141 1840 ingenti
2168 1777 2333 1840 aliquo
2360 1776 2556 1841 speculo
2611 1830 2613 1834 Α

308 1850 535 1908 incendit,
575 1851 739 1911 nutrit,
780 1850 929 1912 fovet,
969 1849 1055 1899 alit
1095 1855 1167 1910 et,
1206 1848 1447 1912 siquidem
1487 1849 1656 1898 oculus
1696 1850 1937 1898 animatus
1979 1856 2078 1911 est,
2133 1853 2283 1900 cernit
2321 1852 2467 1900 etiam
2507 1855 2555 1901 et
2604 1876 2606 1881 v

310 1922 678 1987 contemplatur.
755 1921 894 1973 Unde
944 1923 1050 1986 ejus
1089 1919 1352 1988 αὐταρκεια
1402 1922 1662 1983 illucescit,
1713 1922 1845 1985 quod
1896 1924 2000 1985 ipse
2048 1923 2141 1973 sibi
2187 1923 2431 1973 sufficiens
2468 1938 2556 1975 nec
2608 1958 2610 1963 »

308 1997 412 2047 ulla
450 2011 500 2046 re
539 1996 777 2059 indigens,
816 1996 910 2045 hoc
946 1998 1068 2059 ipse,
1111 1995 1242 2059 quod
1281 1995 1389 2045 aliis
1427 1994 1595 2044 mundi
1634 1996 1930 2059 corporibUS,
1971 2001 2026 2046 ut
2050 1995 2186 2046 Deus
2226 1996 2438 2061 quidam,
2478 1998 2556 2045 in-

309 2071 486 2131 servit,
525 2069 576 2118 id
615 2075 688 2119 est
726 2069 857 2133 quod
897 2075 970 2118 est
1007 2084 1244 2132 suamque
1283 2068 1595 2119 beatudinem
1634 2070 1683 2115 in
1723 2082 1780 2117 eo
1820 2070 2030 2132 positam
2068 2068 2242 2132 habet,
2295 2070 2427 2134 quod
2466 2073 2555 2121 toti

307 2142 487 2193 mundo
526 2143 724 2207 prodest
761 2144 864 2192 sine
891 2140 979 2191 'sui
1019 2142 1294 2207 dispendi0‚
1335 2144 1432 2191 imo
1473 2157 1580 2191 cum
1618 2143 1804 2204 ingenti
1842 2156 1931 2191 suo
1970 2142 2151 2204 fructu,
2205 2142 2291 2193 sed
2331 2158 2427 2193 non
2465 2159 2555 2194 ne-

310 2218 537 2267 cessario,
616 2216 738 2265 Cum
777 2218 923 2280 igitur
961 2216 1054 2265 hoc
1093 2217 1284 2279 egregie
1323 2230 1408 2279 per
1447 2217 1660 2278 quietem
1709 2214 1935 2278 perficere
1987 2218 2141 2280 possit
2179 2213 2358 2283 (motus
2395 2233 2442 2266 ιι.
2483 2223 2556 2268 est
2588 2227 2592 2242 ²

311 2289 587 2341 ἑκστατικον
623 2307 706 2354 της
745 2308 956 2352 φυσεως,
1013 2295 1086 2338 est
1122 2289 1424 2352 indigentiae
1470 2288 1641 2349 index,
1691 2288 2026 2352 efficeretque,
2080 2295 2134 2339 ut
2170 2289 2221 2338 id
2266 2291 2424 2354 ipsum
2463 2290 2561 2342 hoc
2587 2295 2606 2355 g

310 2363 442 2427 quod
481 2362 589 2412 aliis
628 2362 887 2426 largitmus
927 2368 1054 2412 esset
1092 2362 1431 2412 circumeundo
1471 2364 1604 2426 prius
1644 2363 1784 2425 qnasi
1823 2362 2149 2413 emendicaret
2175 2369 2222 2413 et
2247 2366 2387 2427 quasi
2413 2364 2556 2414 nobl-
2577 2354 2604 2443 ᾗ

309 2437 444 2486 lioris
485 2435 737 2499 eujusdam
777 2438 845 2485 rei
884 2437 1099 2485 minister
1139 2437 1255 2485 orbe
1294 2450 1383 2485 suo
1422 2441 1677 2499 tanquam
1684 2435 1858 2484 lectica
1883 2436 2321 2487 circumveheretur
2347 2437 2408 2487 ad
2436 2452 2556 2490 con·

310 2509 568 2573 quirendos
608 2510 789 2572 passim
829 2508 1029 2572 globOS,
1071 2510 1249 2594 quibus
1292 2509 1500 2559 calorem
1539 2509 1895 2572 subministret;
1937 2525 2061 2573 quae
2099 2525 2175 2559 res
2214 2525 2311 2560 una
2348 2494 2580 2566 multu'·

310 2583 415 2646 ejus
439 2581 685 2631 nobilitati
711 2582 1019 2647 detraheret),
1059 2584 1273 2631 sinamus
1301 2583 1510 2631 illumin
1537 2581 1661 2631 solio
1690 2597 1778 2630 suo
1804 2584 1951 2645 regio,
1980 2598 2152 2647 nempe
2179 2583 2345 2633 mundi
2373 2588 2551 2646 centro,
2582 2574 2591 2648 4¹
2612 2613 2619 2634 ,ι

311 2658 574 2720 quiescere,
617 2660 802 2723 ceteros
840 2669 955 2704 vero
995 2655 1217 2719 planetas
1244 2662 1291 2704 et
1317 2655 1531 2716 Terram,
1572 2669 1698 2717 quae
1737 2655 1813 2703 his
1839 2658 2190 2706 mutationibus
2217 2664 2265 2707 et
2289 2658 2382 2707 hac
2407 2657 2553 2708 solari
2575 2661 2593 2702 ὲ

307 2731 433 2792 stipe
471 2729 704 2790 indigent,
747 2729 962 2777 sinamus
992 2730 1189 2778 orbibus
1216 2731 1331 2788 suis,
1374 2730 1551 2777 circum
1591 2727 1778 2789 Solem,
1820 2743 1980 2793 regem
2022 2745 2184 2792 suum,
2226 2731 2611 2796 mendicantes·

311 2802 627 2862 circumvehi,
681 2807 917 2863 quantum
965 2804 1139 2865 cuique
1180 2802 1372 2851 sufficit.
1450 2802 1551 2850 Nec
1589 2807 1861 2850 metuamus
1901 2802 2106 2865 Terrae,
2157 2819 2217 2854 ne
2254 2806 2455 2854 nimium
2491 2805 2609 2854 sit-

311 2875 485 2924 debilis
535 2881 583 2924 et
631 2874 928 2938 ponderosa,
980 2880 1034 2923 ut
1084 2875 1206 2924 haec
1245 2875 1350 2937 ejus
1404 2876 1544 2936 quasi
1592 2874 1824 2923 valetudo
1863 2882 2047 2925 motum
2094 2878 2221 2927 hunc
2269 2894 2364 2928 non
2415 2879 2550 2928 ferat.

270 2969 281 2974 ·
311 2949 539 2998 Centrum
578 2949 806 3011 exiguum
845 2954 931 3009 est,
970 2962 1066 2996 non
1108 2954 1180 2997 est
1217 2962 1381 3010 grave,
1420 2947 1562 2996 facile
1588 2948 1691 2996 orbi
1716 2949 1970 3000 transferre
2009 2965 2301 3016 quocunque
2327 2952 2551 3005 lubuerit,
2574 2957 2608 2994 s?-

310 3021 538 3072 Centrum
578 3021 757 3071 Terrae
801 3024 963 3071 omnia
1002 3023 1174 3085 gravia
1212 3019 1496 3069 naturaliter
1533 3027 1814 3084 sequuntur.
1855 3050 1928 3059 -

1134 3288 1217 3334 De
1253 3288 1416 3333 Anno
1455 3289 1722 3334 Romano,

483 3383 610 3433 Anni
649 3386 971 3448 quantitatem
1024 3384 1137 3434 inde
1178 3386 1240 3434 ab
1279 3387 1418 3435 initio
1472 3401 1629 3436 rerum
1677 3387 1856 3450 vulgus
1895 3386 2158 3439 hominum
2206 3395 2335 3441 stata
2383 3354 2617 3479 hiemi}

307 3459 612 3520 aestatisque
653 3458 988 3508 vicissitudine
1027 3461 1182 3507 mensi
1220 3465 1356 3521 sunt3
1411 3461 1492 3522 qui
1533 3465 1651 3522 quot
1690 3460 1874 3511 dierum
1912 3469 2065 3523 esset,
2112 3478 2208 3512 non
2247 3467 2315 3514 ita
2352 3464 2563 3524 sollicite}

306 3531 396 3578 fuit
436 3531 745 3582 observatus
808 3531 1078 3595 Postquam
1106 3532 1427 3618 multiplicato
1467 3547 1639 3618 genere
1678 3534 1892 3621 humano
1927 3537 2089 3599 plures
2122 3538 2412 3600 cohabitare,
2452 3521 2578 3606 agtbf
2580 3541 2634 3611 :3:2¹

307 3676 527 3725 homines
567 3676 628 3725 ad
668 3692 830 3725 curam
868 3678 996 3727 hanc
1043 3678 1446 3729 numerandorum
1497 3680 1610 3727 anui
1655 3679 1840 3730 dierum
1887 3684 2095 3745 impulit.
2171 3682 2553 3748 Deprehensum,
2581 3685 2591 3701 ⁵

309 3747 492 3796 dierum
531 3764 636 3798 esse
677 3755 808 3812 365,
860 3752 944 3813 qui
981 3751 1155 3800 modus
1195 3754 1310 3800 anni
1348 3754 1396 3800 in
1435 3753 1638 3802 historia
1678 3754 1846 3802 diluvii
1886 3756 2139 3805 manifeste
2189 3759 2447 3821 reperitur,
2499 3751 2589 3816 ui
2588 3767 2589 3771 ’

306 3819 424 3868 alibi
463 3821 643 3871 dictum
689 3829 776 3872 est.
842 3823 979 3873 Tunc
1017 3827 1166 3886 igitur
1190 3825 1252 3874 ad
1291 3825 1655 3874 similitudinem
1697 3841 1863 3877 cursus
1887 3829 2070 3878 lunaris
2097 3844 2251 3879 annus
2283 3836 2345 3880 12
2374 3834 2583 3894 partes,

306 3899 428 3956 quos
469 3909 659 3945 menses
700 3895 920 3960 dicimuS,
967 3897 1147 3947 habere
1188 3899 1364 3963 coepit.
1430 3898 1580 3947 Primi
1606 3899 1839 3951 Chaldaei
1881 3905 1980 3953 otio
2019 3903 2325 3954 abundantes
2351 3904 2400 3952 in
2425 3894 2582 3953 felici
2587 3938 2589 3942 -
