2652 4088
280 1422 378 1519 lle
436 1422 749 1518 'rhomae
806 1422 1086 1540 Lydiati
1163 1425 1508 1520 Tractatu
1568 1401 1658 1522 dc
1719 1429 1952 1524 variis
2014 1431 2196 1525 Anni
2253 1430 2534 1529 formis,

1118 1588 1222 1646 (eff.
1255 1588 1355 1633 v01.
1387 1589 1462 1633 Ν.
1495 1604 1538 1647 p,
1575 1589 1691 1648 113.)

1311 1738 1486 1746 —

447 1843 648 1902 Fervet,
690 1848 743 1891 ut
781 1842 948 1904 video,
989 1842 1202 1892 studium
1241 1841 1635 1903 chronologicum
1676 1847 1724 1891 et
1763 1843 1957 1891 omnino
1998 1843 2178 1904 servet;
2233 1858 2328 1906 quo
2369 1846 2528 1905 magis

275 1917 528 1978 ignoscent
565 1917 682 1963 mihi
721 1930 944 1965 censores
983 1919 1102 1975 mei,
1144 1916 1274 1978 quod
1313 1923 1362 1965 et
1400 1930 1491 1977 ego
1531 1915 1715 1964 dolium
1754 1915 1849 1964 hoc
1885 1930 2044 1966 verso.
2106 1917 2270 1964 Edidit
2309 1924 2420 1965 ante
2447 1918 2526 1965 bi—

275 1990 469 2037 ennium
509 1989 779 2038 Thomas
810 1989 1032 2053 Lydiat
1072 1990 1275 2052 Anglu5‚
1316 1991 1391 2037 vir
1417 1989 1586 2037 doctus
1614 1994 1662 2036 et
1689 1987 1910 2051 diligens,
1953 1989 2116 2051 edidit,
2160 1992 2371 2052 inquam,
2410 2005 2525 2038 sen-

273 2064 473 2110 tentiam
513 2063 826 2124 paradoxam,
866 2068 921 2111 ut
958 2063 1135 2111 fatetur
1172 2064 1294 2125 ipse,
1332 2062 1579 2111 Christum
1616 2067 1784 2110 natum
1824 2076 1932 2110 esse
1970 2077 2098 2111 anno
2128 2068 2175 2112 3.
2211 2077 2355 2111 aerae
2382 2062 2524 2111 Chri-

271 2135 460 2183 stianae
500 2142 716 2199 tempore
753 2150 918 2195 vern0,
960 2136 1257 2198 baptisatum
1283 2142 1518 2184 autumno
1545 2149 1687 2183 aerae
1725 2139 1921 2184 nostrae
1960 2149 2088 2184 anno
2119 2141 2203 2196 32,
2244 2136 2522 2185 crucifixum

273 2222 401 2257 anno
444 2214 530 2259 36.
569 2223 710 2257 acrae
749 2215 959 2269 nostrae,
998 2211 1175 2257 aetatis
1214 2214 1298 2260 33.
1340 2208 1597 2271 completO.

446 2280 559 2330 Jam
606 2283 753 2344 igitur
799 2284 927 2331 circa
977 2283 1286 2330 nativitatem
1326 2283 1355 2329 8
1396 2283 1509 2328 anni
1559 2281 1894 2343 disputantur,
1948 2283 2075 2329 circa
2121 2281 2431 2343 baptisimum
2474 2288 2520 2343 4,

272 2353 397 2402 circa
435 2356 711 2417 passionem
754 2356 800 2403 6.
879 2354 1007 2416 Quid
1046 2355 1286 2417 agemus?
1351 2352 1558 2417 Opinor,
1611 2355 1824 2402 rationes
1862 2355 1956 2402 viri
1997 2354 2124 2402 docti
2164 2355 2520 2417 expendendae,

271 2441 328 2475 ac
365 2429 406 2474 si
444 2429 614 2476 vicerit
642 2429 715 2487 iis,
756 2427 1078 2490 sequendum,
1117 2430 1190 2475 sin
1220 2427 1374 2487 aliud,
1418 2427 1819 2476 hallucinationes
1860 2427 1964 2489 ejus
2005 2426 2323 2490 detegendas;
2374 2428 2519 2491 idque

273 2499 392 2546 mihi
432 2502 736 2562 potissimum
778 2515 949 2550 censeo
989 2500 1284 2561 faciendum,
1339 2502 1422 2562 qui
1470 2515 1566 2547 non
1618 2502 1775 2547 minus
1829 2499 2088 2548 absurdam
2134 2499 2285 2562 vulgo
2326 2500 2517 2550 defendi

273 2575 578 2632 sententiam,
620 2589 764 2636 quarn
804 2573 885 2622 ille
925 2575 1183 2636 (quantum
1223 2575 1348 2621 enim
1388 2572 1469 2621 ille
1510 2572 1684 2621 demsit
1722 2575 1870 2621 aetati
1898 2573 2075 2621 Christi
2113 2572 2263 2635 vulgo
2291 2573 2516 2635 creditae,

272 2650 457 2693 tanturn
500 2661 590 2708 ego
631 2645 831 2708 addidi),
872 2653 926 2694 ut
965 2662 1024 2693 ex
1065 2646 1325 2694 collatione
1364 2648 1603 2694 rationum
1644 2651 1892 2708 appareat,
1934 2648 2086 2693 utrius
2113 2645 2389 2695 absurditas
2430 2663 2516 2696 cx-

272 2720 572 2767 cusationem
619 2725 881 2781 mereatur,
934 2719 1060 2768 unde
1111 2725 1239 2767 stent
1289 2720 1498 2768 rationes
1551 2725 1600 2768 et
1648 2718 1939 2779 necessitas,
1994 2717 2122 2767 unde
2169 2719 2417 2768 arbitrium
2470 2726 2518 2769 ct

273 2794 551 2842 ostentatio,
1317 2829 1319 2831 -
2262 2833 2266 2837 .

442 2864 648 2913 Videtur
686 2864 778 2912 hoc
816 2865 920 2926 ipsc
964 2862 1210 2926 postulare
1251 2868 1438 2922 auctor,
1489 2865 1572 2924 qui
1611 2862 1859 2925 profitetur
1896 2864 1943 2909 in
1983 2868 2176 2926 apert0,
2223 2879 2277 2913 se
2313 2865 2514 2928 Kepleri

271 2938 546 3000 opinionem
575 2937 865 2986 confutasse.
933 2936 1206 2985 Videndum
1235 2937 1381 2997 igitur
1417 2950 1532 2982 num
1569 2935 1798 2997 legitime,
1841 2941 1893 2983 ut
1931 2937 2142 2998 palmam
2183 2937 2254 2984 illi
2294 2940 2512 2987 veritatis

268 3013 495 3059 inventae
537 3010 704 3058 cedam
744 3011 1046 3058 consessione
1084 3010 1309 3070 ingenua.
1364 3007 1504 3068 Quod
1545 3009 1737 3056 nisime
1776 3008 1902 3056 fallit
1938 3011 2184 3071 ingenium
2223 3010 2353 3058 illius
2381 3012 2511 3072 mali,
2589 3030 2594 3035 ¹

271 3084 354 3144 qui
392 3083 548 3131 latens
586 3085 844 3131 intervenit
883 3090 936 3131 ut
973 3082 1085 3130 filiis
1126 3082 1231 3138 Dei,
1272 3082 1343 3128 sic
1380 3082 1523 3128 etiam
1564 3080 1736 3128 studiis
1775 3083 1969 3142 sanctis,
2010 3082 2059 3129 id
2097 3085 2269 3145 agitur,
2309 3090 2361 3131 ut
2399 3099 2514 3133 vera

269 3155 354 3204 sed
393 3155 553 3204 audax
591 3159 637 3202 in
666 3158 876 3218 speciem
904 3156 1142 3204 sententia
1170 3154 1443 3212 offuscetur,
1486 3154 1809 3214 obnubiletur,
1850 3155 1897 3200 in
1924 3161 2217 3203 contemtum
2246 3155 2513 3205 adducatur

269 3228 412 3275 simili
453 3229 675 3290 audacia,
716 3229 799 3276 sed
841 3231 887 3275 in
928 3229 1170 3277 sententia
1209 3240 1304 3274 non
1345 3240 1480 3285 vera,
1522 3240 1587 3276 sc.
1629 3232 1681 3274 ut
1718 3228 1788 3275 sic
1825 3229 2170 3276 ratiocinentur
2208 3229 2413 3277 studiosi
2453 3245 2511 3278 ex

268 3301 428 3363 logica
467 3301 799 3364 depravatoris
839 3301 994 3350 illius:
1034 3300 1232 3364 Lydiati
1269 3301 1508 3348 sententia
1545 3299 1795 3360 paradoxa
1833 3306 1962 3349 certo
2002 3301 2125 3350 salsa
2166 3306 2261 3362 est,
2312 3302 2511 3365 Kepleri

269 3376 510 3423 sententia
548 3381 621 3422 est
659 3377 765 3437 ipsa
805 3377 949 3422 etiam
987 3373 1250 3436 paradoxa,
1293 3387 1406 3434 ergo
1446 3373 1666 3420 similiter
1702 3372 1842 3419 falsa.

443 3447 519 3495 De
556 3447 664 3495 libri
707 3447 917 3496 editione
955 3453 1244 3495 monuerunt
1292 3460 1368 3492 me
1408 3446 1550 3493 amici
1598 3444 1688 3492 sub
1738 3447 1917 3492 exitum
1968 3447 2082 3494 anni
2129 3447 2387 3509 superioris
2431 3448 2510 3507 14,

271 3520 516 3581 exemplar
553 3535 668 3568 vero
709 3520 936 3568 Calendis
978 3521 1168 3568 demum
1208 3518 1504 3581 Septembris
1541 3512 1687 3579 hujus
1725 3520 1838 3565 anni
1871 3523 1951 3569 15.
1981 3519 2138 3581 Praga
2176 3535 2282 3567 sum
2323 3526 2507 3568 nactus.

441 3592 639 3655 Kepleri
690 3596 976 3641 sententiam
1030 3591 1246 3654 appellat
1293 3590 1596 3639 Jesuiticam.
1684 3589 1735 3638 Si
1787 3592 2174 3639 mathematicam
2229 3593 2504 3640 facultatem

271 3665 504 3725 respicio,
553 3665 750 3728 perinde
801 3667 916 3713 mihi
969 3672 1042 3713 est
1079 3665 1366 3713 ,Jesuiticam
1419 3664 1547 3712 dicat
1585 3677 1646 3710 an
1685 3662 2034 3724 Baronianam,
2085 3665 2408 3713 Lutheranam
2446 3679 2506 3712 an

270 3735 624 3786 Calvinianam.
700 3738 814 3786 Jam
865 3738 1046 3786 dudum
1097 3751 1186 3798 ego
1235 3737 1454 3785 homines
1507 3735 1694 3796 eJuravi
1732 3738 2080 3799 veritatemque
2131 3743 2229 3786 tam
2278 3740 2324 3784 in
2363 3737 2504 3785 rebus

271 3807 383 3855 fidei
423 3825 567 3870 quam
604 3813 654 3857 in
704 3813 849 3859 rebus
888 3810 1037 3859 seculi
1090 3812 1237 3858 etiam
1287 3808 1613 3872 particulatim
1652 3815 1905 3870 acceptare
1946 3809 2137 3858 decrevi
2187 3810 2506 3871 undecunque

273 3879 502 3933 oblatam.
576 3882 660 3931 Sin
698 3890 863 3935 autem
900 3884 1153 3934 atrocitate
1191 3883 1480 3944 facinorum,
1533 3894 1658 3943 quae
1703 3895 1845 3931 nemo
1884 3883 2041 3932 bonus
2080 3896 2177 3931 non
2227 3883 2504 3943 detestatur,
