2652 4088
1048 182 1096 228 in
1127 182 1263 230 Orbe⁴
1277 185 1467 232 Lunae(
2304 187 2374 243 85

122 331 335 382 ferantur
371 348 403 382 a
437 334 661 396 regione,
699 335 750 382 in
788 347 932 395 quam
970 339 1310 396 pervenerunt,
1349 332 1519 384 victa?
1592 333 1703 383 Non
1742 335 1868 383 enim
1907 334 2001 385 hoc
2048 337 2138 386 erit
2173 341 2377 388 naturae

125 404 248 455 coeli
286 405 607 465 tribuendum,
646 412 701 455 ut
735 406 928 455 levibus
965 405 1162 469 quidem
1202 407 1375 470 eripiat
1400 413 1584 457 motum
1611 407 1674 456 ad
1700 410 1964 471 superiora,
2002 409 2235 471 gravibus
2261 424 2376 460 vero

124 483 173 527 et
211 477 434 527 deorsum
482 479 793 528 tendentibus
839 494 927 542 par
979 493 1086 529 esse
1123 487 1366 542 nequeat3
1418 482 1534 543 quin
1582 483 1748 544 potius
1787 481 1958 530 eadem
2003 481 2238 532 facultate
2278 497 2377 546 qua

121 550 230 610 illa,
270 553 416 599 etiam
452 553 546 600 ista
583 552 956 615 transfigurans,
1009 558 1322 615 utrorumque
1359 560 1534 602 natura
1575 568 1665 604 usa
1703 558 1778 603 est
1815 554 1879 604 ad
1918 555 2272 617 procurandum
2309 555 2375 616 id,

127 623 259 687 quod
298 631 400 674 erat
438 625 624 674 melius.

296 696 425 759 Quin
451 699 547 746 imo
572 699 612 746 si
637 697 896 760 profligata
933 697 1019 746 illa
1056 700 1291 747 servitute
1329 699 1599 747 animorum
1639 699 1927 761 (eorumque
1966 701 2049 762 qui
2088 715 2176 749 nos
2203 707 2377 750 aucto-

119 771 262 818 ritate
298 770 585 833 percellunt)
624 770 816 832 placitis
856 770 1093 833 dimissiS‚
1134 773 1344 834 ingenue
1381 772 1604 834 proloqui
1646 778 1858 835 oportet,
1910 772 2041 835 quod
2079 774 2244 836 palam
2283 789 2375 837 ap-

121 848 285 906 paret:
336 843 470 891 nulla
507 842 703 906 quidem
743 845 892 892 totius
930 846 1145 893 universi
1182 859 1294 906 pars
1332 846 1440 907 ipsa
1477 859 1529 893 se
1568 846 1674 907 ipsa
1711 847 1958 907 proprium
1997 847 2180 907 locum,
2229 848 2375 895 situm

119 922 400 979 motumque
452 916 590 963 illum
637 917 731 965 sibi
782 916 1028 966 vindicare
1079 916 1296 975 videtur,
1351 931 1496 977 quem
1543 920 1652 979 quis
1692 920 1736 966 ei
1775 918 2056 981 simpliciter
2106 919 2375 968 naturalem

119 988 386 1051 indigetare
423 992 594 1051 possit,
635 989 722 1038 sed
761 990 845 1037 ubi
882 1005 958 1039 res
998 992 1201 1053 quaevis
1240 989 1310 1037 illi
1349 990 1447 1049 fini,
1487 989 1625 1051 cujus
1666 1004 1815 1039 causa
1842 993 2026 1040 exstitit
2052 994 2227 1054 cuique
2258 998 2375 1042 nata

119 1061 345 1123 factaque
383 1069 470 1122 est,
512 1062 679 1111 utilem
717 1077 825 1111 sese
865 1070 912 1112 et
939 1065 1305 1112 convenientem
1334 1065 1381 1110 in
1407 1067 1541 1110 motu
1567 1064 1859 1125 praebuerit,
1900 1065 2067 1126 sicque
2104 1064 2184 1113 vel
2211 1080 2376 1128 passa,

121 1135 198 1183 vel
239 1139 451 1197 operata,
493 1135 569 1183 vel
611 1135 849 1199 disposita
886 1137 1042 1197 suerit,
1083 1137 1155 1184 uti
1194 1137 1239 1185 ei
1276 1135 1360 1182 fini
1399 1148 1490 1183 suo
1528 1135 1609 1184 vel
1643 1135 1707 1183 ad
1732 1139 2165 1198 conservationem,
2206 1137 2286 1187 vel
2313 1138 2379 1186 ad

123 1215 360 1267 ornatum,
402 1207 480 1256 vel
517 1208 579 1256 ad
618 1210 746 1258 vires
785 1204 1036 1271 augendas
1076 1208 1382 1258 commodum
1419 1207 1586 1256 fuerit:
1627 1213 1743 1257 tunc
1770 1208 1964 1258 demum
1991 1225 2049 1258 ea
2073 1225 2150 1259 res
2174 1217 2378 1261 naturae

122 1295 240 1329 suae
293 1283 659 1330 convenientem
709 1281 893 1342 locum,
945 1288 1130 1331 motum
1183 1281 1614 1344 dispositionemve
1665 1283 1885 1332 obtinere
1923 1282 2131 1331 videtur.
2206 1282 2380 1346 Itaque

121 1354 285 1414 homo,
326 1360 561 1416 tanquam
600 1357 699 1418 qui,
738 1356 780 1403 si
819 1355 936 1417 quid
974 1355 1108 1404 aliud
1146 1370 1311 1404 eorum
1352 1369 1477 1417 quae
1516 1361 1644 1419 sunt,
1683 1357 1892 1406 maxime
1929 1355 2195 1404 secundum
2234 1363 2382 1404 natu-

125 1443 228 1475 ram
267 1429 466 1488 exstitit‚
506 1429 555 1476 in
593 1442 771 1491 supera
809 1428 1004 1491 quidem
1042 1435 1179 1492 parte
1220 1429 1434 1490 corporis
1471 1427 1620 1476 habet
1658 1430 1873 1478 membra
1911 1434 2067 1478 terrea
2106 1435 2152 1479 et
2189 1428 2380 1491 ponde-

118 1515 254 1562 rosa,
308 1503 569 1563 praecipue
608 1503 655 1548 in
696 1503 878 1564 capite,
933 1503 980 1548 in
1020 1501 1181 1550 media
1219 1517 1334 1550 vero
1373 1502 1572 1563 regione
1608 1501 1795 1551 fervida
1833 1509 1880 1551 et
1918 1504 2079 1565 ignea.
2156 1502 2218 1550 Et
2257 1502 2379 1551 den-

120 1576 238 1623 tium
279 1574 472 1636 quidem
501 1573 584 1623 alii
612 1574 852 1635 deorsum,
894 1575 977 1622 alii
1004 1590 1195 1624 sursum
1222 1579 1527 1634 enascuntur,
1568 1576 1724 1623 neutri
1751 1581 1913 1624 tamen
1940 1580 2130 1638 praeter
2155 1582 2378 1623 naturam

120 1662 258 1696 suam
296 1650 587 1709 attinentur3
625 1662 784 1711 neque
822 1650 964 1711 igniS‚
1006 1651 1088 1711 qui
1128 1637 1324 1710 quidem
1362 1648 1587 1710 superius
1628 1662 1689 1696 ex
1716 1649 1869 1697 oculis
1898 1648 2071 1709 elucet,
2112 1647 2380 1697 secundum

119 1727 364 1781 naturam,
423 1722 506 1783 qui
560 1734 675 1770 vero
714 1723 762 1768 in
802 1722 1070 1770 visceribus
1109 1727 1156 1771 et
1195 1723 1242 1768 in
1282 1720 1449 1781 corde,
1504 1726 1673 1771 contra
1698 1728 1934 1772 naturam
1982 1726 2056 1772 est
2093 1723 2238 1785 sime,
2294 1721 2381 1772 sed

121 1793 314 1859 singula
351 1795 695 1845 convenienter
732 1801 781 1842 et
819 1810 876 1844 ex
914 1795 1126 1844 utilitate
1164 1800 1279 1843 sunt
1317 1793 1568 1857 disposita.

548 1867 674 1915 Vere
711 1868 939 1930 equidem
979 1871 1110 1917 testis
1148 1868 1376 1929 lapidoso
1414 1867 1629 1915 buccina
1662 1881 1813 1928 naec,

545 1941 855 2003 Testudoque
895 1970 958 1978 —
998 1971 1070 1979 -—
1107 1948 1154 1990 et
1190 1956 1338 1990 omne
1375 1940 1686 1989 concharum
1722 1953 1902 2004 yenus:

123 2013 487 2078 Contemplanti
525 2016 652 2064 enim
692 2015 871 2078 (inquit
906 2011 1245 2079 Empedocles)
1283 2020 1506 2064 naturam
1547 2027 1726 2075 eorum,

539 2089 753 2137 Cernere
788 2091 883 2137 erit
920 2103 1162 2150 suprema
1198 2094 1508 2149 prementem
1546 2093 1749 2149 teryora
1794 2086 2024 2146 Terram,

120 2174 279 2222 neque
325 2165 483 2208 tamen
536 2162 669 2210 oneri
707 2167 801 2222 est,
852 2176 1010 2223 neque
1049 2162 1320 2224 comprimit
1369 2161 1590 2208 habitum
1642 2162 1882 2223 corporiS,
1934 2159 2220 2208 incumbens
2257 2159 2379 2209 haec

119 2232 346 2296 lapidosa
384 2248 560 2293 massa,
600 2248 690 2283 nec
726 2235 967 2296 vicissim,
1010 2234 1141 2297 quod
1181 2241 1255 2283 est
1291 2236 1341 2280 in
1380 2235 1438 2282 iis
1477 2238 1679 2281 naturae
1720 2232 1928 2293 calidae,
1967 2235 2016 2280 in
2054 2247 2232 2296 supera
2268 2231 2380 2282 ideo

121 2308 281 2371 spatia
321 2306 383 2354 ob
422 2307 672 2356 levitatem
722 2307 910 2369 evolat,
962 2307 1049 2357 sed
1090 2308 1349 2356 commixta
1397 2305 1757 2369 quodammodo
1809 2308 2030 2368 interque
2068 2320 2121 2355 se
2161 2320 2379 2356 connexa

120 2387 234 2429 sunt
273 2379 539 2428 secundum
576 2381 961 2444 uniuscujusque
1001 2380 1299 2444 (compositi)
1339 2386 1577 2429 naturam.

298 2452 380 2502 Sic
418 2455 564 2515 igitur
603 2455 749 2503 etiam
789 2469 895 2503 cum
935 2456 1041 2517 ipso
1082 2468 1259 2517 magno
1297 2453 1478 2502 mundo
1507 2457 1840 2516 comparatum
1867 2467 1972 2502 esse
2002 2456 2381 2501 consentaneum

121 2532 208 2587 est,
247 2533 317 2585 ut,
357 2526 599 2589 siquidem
638 2527 720 2576 ille
759 2527 938 2575 animal
978 2533 1075 2588 est,
1115 2527 1279 2575 multis
1320 2529 1367 2574 in
1407 2526 1527 2575 locis
1566 2531 1743 2575 terram
1780 2525 1975 2586 habeat,
2014 2524 2180 2574 multis
2218 2526 2380 2588 ignem

121 2606 169 2651 et
207 2614 386 2662 aquam
426 2605 473 2648 et
512 2600 790 2663 spirabilem
827 2607 1066 2661 naturam,
1106 2615 1204 2648 non
1231 2601 1535 2649 necessitatis
1562 2600 1731 2661 aliqua
1758 2601 2115 2662 compressione
2141 2598 2238 2647 huc
2264 2598 2381 2647 illuc

122 2673 257 2731 elisa,
298 2672 385 2721 sed
424 2688 614 2721 summa
653 2675 840 2723 ratione
880 2675 1166 2723 concinnata
1207 2679 1255 2723 et
1292 2679 1524 2722 exornata
1563 2672 1792 2735 undique.
1856 2672 2027 2735 Neque
2054 2674 2180 2720 enim
2210 2671 2379 2720 oculus

122 2748 170 2793 in
209 2746 337 2794 hunc
374 2745 534 2795 locum
574 2749 787 2809 corporis
827 2746 974 2796 elisus
1013 2752 1087 2796 est
1123 2763 1152 2796 a
1178 2746 1379 2796 levitate
1419 2761 1522 2808 sua,
1562 2760 1721 2809 neque
1754 2759 1848 2806 cor,
1888 2745 2102 2808 pondere
2143 2758 2231 2793 suo
2273 2759 2382 2793 ces-

122 2820 310 2883 pitans,
363 2821 410 2866 in
449 2819 732 2881 praecordia
768 2820 1048 2883 prolapsum
1089 2827 1187 2880 est,
1236 2818 1321 2869 sed
1359 2821 1476 2883 quia
1514 2821 1584 2867 sic
1621 2819 1794 2867 melius
1834 2824 1951 2879 erat,
1991 2832 2081 2867 suo
2121 2808 2379 2880 utrumque

120 2891 232 2943 loco
281 2897 355 2941 est
404 2892 711 2943 collocatum.
789 2893 918 2957 Ergo
969 2895 1116 2956 igitur
1170 2907 1327 2956 neque
1378 2907 1437 2941 ex
1484 2893 1647 2955 magni
1692 2890 1860 2939 mundi
1909 2892 2135 2940 membris
2179 2891 2380 2940 Terram

93 2963 317 3031 *Quidem
358 2966 643 3015 arbitremur
669 2966 747 3016 hic
775 2981 881 3016 esse
908 2969 1065 3026 sitam,
1106 2967 1333 3015 confluxu
1358 2967 1581 3029 gravium
1609 2970 1946 3015 coacervatam
1981 2965 2044 3012 ob
2070 2965 2379 3027 gravitatem,

91 3048 283 3106 {neque
319 3037 483 3087 Solem
524 3039 598 3102 (ut
635 3039 943 3089 Metrodorus
972 3039 1122 3088 Chius
1162 3046 1235 3089 est
1276 3039 1523 3103 opinatus)
1563 3038 1626 3087 ad
1666 3038 1938 3101 exemplum
1976 3039 2096 3086 utris
2135 3036 2287 3084 inflati
2327 3037 2377 3083 in

99 3127 119 3167 *ἡ
196 3108 347 3163 ieram
385 3113 632 3174 regionem
671 3129 701 3162 a
737 3113 953 3162 levitatis
992 3114 1247 3162 momentis
1299 3112 1493 3173 elisum,
1543 3126 1701 3174 neque
1747 3118 1878 3160 astra
1921 3110 2108 3173 reliqua
2147 3114 2382 3171 tanquam

139 3187 181 3228 ·”
209 3174 391 3235 statera
439 3184 642 3235 diversis
685 3186 903 3235 levitatis
950 3188 1207 3235 momentis
1258 3187 1462 3234 nitentia
1513 3186 1559 3231 in
1612 3199 1702 3233 sua
1751 3183 1836 3232 illa
1883 3183 2019 3242 loca,
2075 3196 2199 3244 quae
2250 3181 2382 3230 obti-

138 3263 255 3318 ent,
293 3257 488 3320 singula
526 3258 795 3319 devenisse,
834 3259 919 3307 sed
958 3273 1066 3307 cum
1106 3260 1179 3307 vis
1216 3260 1416 3306 rationis
1456 3257 1752 3317 dominetur,
1790 3255 1877 3304 illa
1914 3254 2109 3318 quidem
2149 3260 2383 3316 tanquam

123 3398 375 3469 ‚quandam
413 3403 695 3453 facultatem
735 3404 973 3464 obtinens,
1017 3403 1164 3453 veluti
1205 3405 1490 3465 sanguinem
1530 3407 1578 3451 et
1614 3402 1835 3464 spiritum
1873 3400 2072 3448 vitalem
2111 3413 2170 3448 ex
2196 3413 2247 3448 se
2274 3401 2380 3463 ipso

105 3472 376 3537 fdistribuit
401 3477 451 3524 et
475 3473 700 3525 diffundit
738 3475 947 3526 calorem
986 3481 1035 3524 et
1071 3474 1250 3535 lucem,
1292 3482 1418 3523 terra
1455 3487 1570 3523 vero
1607 3479 1655 3522 et
1680 3473 1819 3535 aquis
1846 3473 2043 3520 marinis
2081 3471 2143 3520 ad
2179 3477 2382 3523 naturae

2 3595 5 3605 ,
87 3552 280 3614 Opera
316 3547 469 3596 utitur
503 3547 727 3610 mundus,
765 3553 820 3597 ut
858 3545 1038 3596 animal
1076 3552 1244 3596 ventre
1270 3553 1319 3596 et
1343 3547 1506 3595 vesica
1528 3542 1613 3612 ι7).
1667 3545 1808 3594 Luna
1833 3543 2039 3607 denique
2067 3544 2231 3594 Solem
2258 3547 2381 3595 inter

4 3612 5 3626 ¹
121 3612 180 3677 st
213 3620 415 3671 Terram
450 3619 659 3682 inserta,
706 3625 763 3670 ut
799 3633 938 3684 epar,
990 3620 1155 3669 vesica
1194 3623 1277 3667 aut
1315 3618 1446 3667 aliud
1487 3617 1686 3680 aliquod
1734 3617 1879 3667 molle
1930 3619 2091 3667 viscus
2138 3620 2262 3667 inter
2300 3633 2382 3668 cor

56 3680 355 3772 sIj‘imum
380 3696 615 3756 ventrem,
653 3692 776 3743 haec
800 3693 998 3754 inquam
1026 3705 1052 3742 e
1077 3693 1299 3756 supernis
1337 3690 1531 3753 quidem
1572 3690 1778 3739 calorem
1816 3689 1911 3740 huc
1949 3690 2012 3740 ad
2047 3704 2136 3740 nos
2176 3690 2378 3754 derivat,

61 3776 74 3803 ‘
102 3754 162 3851 ’χὲ
194 3765 470 3818 halationes
508 3780 641 3830 vero,
683 3779 810 3829 quae
834 3765 948 3815 hinc
973 3779 1003 3814 a
1028 3765 1170 3814 nobis
1195 3764 1479 3823 ascendunt,
1519 3770 1740 3812 attenuat
1778 3765 1994 3813 coctione
2021 3769 2068 3813 et
2093 3767 2381 3828 purgatione

48 3842 72 3856 ''
145 3862 149 3868 ¹
201 3846 301 3904 'qua
337 3840 613 3903 circumque
662 3853 715 3890 se
752 3840 910 3903 ipsam
953 3838 1081 3889 foras
1120 3836 1256 3887 didit.
1330 3838 1457 3886 Num
1496 3838 1691 3901 insuper
1729 3838 1876 3887 etiam
1914 3837 1977 3886 ad
2015 3836 2150 3886 aliud
2195 3837 2380 3903 aliquid

80 3908 267 4004 '³2¹8ssss
304 3918 356 3965 et
391 3918 670 3980 opportuna
704 3913 771 3966 sit
805 3917 981 3965 natura
1015 3911 1123 3977 ejus
1159 3916 1315 3962 terrea
1353 3917 1402 3961 et
1437 3909 1610 3974 solida,
1650 3909 1699 3960 id
1738 3925 1854 3962 vero
1891 3924 1979 3961 nos
2016 3909 2151 3962 latet.

47 4004 127 4088 iii
