2652 4088
324 195 432 268 242
915 190 1199 255 Collectanea
1230 221 1287 253 ex
1317 189 1545 254 codicibus
1575 190 1968 254 Pulkoviensibus.

495 357 604 405 Hoc
631 357 851 420 probat0,
894 372 1000 406 cum
1026 372 1215 406 summa
1240 364 1509 420 temporum
1537 364 1671 407 tanto
1699 358 1854 420 major
1891 358 1954 404 sit
1979 370 2168 404 summa
2196 354 2346 417 justa,
2386 359 2567 417 quanto

289 431 478 493 1major
518 437 590 479 est
620 446 764 478 unum
805 438 994 493 tempus
1033 433 1170 478 initio
1197 437 1467 478 assumtum
1504 438 1718 494 tempore
1751 432 1902 493 justo,
1941 429 2084 477 facile
2121 428 2296 491 prodit,
2337 435 2569 489 quantum

321 518 408 566 pro
442 504 577 565 justo
618 510 831 565 tempore
873 503 1105 551 debeatur
1143 503 1373 551 mediocri
1413 499 1684 564 distantiae,
1725 505 1883 550 minus
1922 501 2106 550 scilicet
2145 515 2288 563 quam
2333 499 2402 549 1⁰.

494 576 667 637 Itaque
713 575 807 623 hoc
857 578 1119 624 constituto
1167 590 1404 624 summam
1455 575 1790 625 distantiarum
1840 577 2108 637 nonaginta
2158 573 2479 635 multiplicavi
2518 573 2568 619 in

320 655 511 711 tempus
551 649 808 696 distantiae
847 650 1014 708 uniuS,
1055 655 1102 697 et
1139 649 1318 711 prodiit
1357 649 1602 698 anomalia
1639 649 1858 711 simplex,
1896 646 2192 710 respondens
2233 651 2298 695 90
2338 645 2568 708 gradibus

320 723 539 781 eccentri,
580 721 767 782 fuitque
808 720 901 769 910
943 721 1025 769 10‘
1065 725 1181 771 20⁶.
1259 722 1498 770 Excessus
1541 720 1596 771 10
1638 724 1721 770 10’
1761 722 1865 770 20”
1902 722 2047 783 priori
2098 721 2223 782 parti
2262 719 2568 781 aequationis

319 797 535 858 proxime
575 793 812 855 aequalis.

492 867 563 913 Ex
602 867 694 914 hoc
733 867 1078 928 experimento,
1120 882 1226 915 cum
1253 869 1385 914 sinus
1412 867 1719 929 aequationis
1759 867 1997 913 maximae
2026 867 2088 912 sit
2117 870 2271 923 3600,
2314 863 2566 912 dimidium

323 945 458 989 1800
501 941 590 987 erit
629 941 976 988 eccentricitaS.
1041 940 1268 987 Exstruxi
1307 941 1452 1002 igitur
1478 940 1733 987 distantias
1760 947 1806 987 et
1833 940 2164 1000 aequationeS‚
2204 944 2397 1000 propter
2434 951 2568 985 com-

316 1013 544 1077 pendium
584 1012 798 1074 aliquod,
839 1012 901 1060 ad
941 1012 1156 1074 singulos
1195 1012 1373 1074 gradus
1413 1011 1684 1060 anomaliae
1710 1021 2009 1073 coaequatae
2038 1010 2129 1059 hac
2165 1009 2297 1059 sacili
2322 1009 2567 1063 methodo,
2646 1032 2652 1083 ss

490 1085 635 1133 Sinus
691 1100 856 1133 omnes
905 1085 1069 1133 ordine
1126 1085 1449 1147 multiplicavi
1498 1087 1544 1132 in
1596 1087 2003 1134 eccentricitatem
2052 1088 2079 1132 5
2130 1083 2322 1146 cyphris
2376 1082 2566 1144 demtis,
2648 1135 2652 1155 Ι,

318 1158 448 1220 quod
502 1161 547 1204 in
599 1158 690 1206 hac
745 1162 880 1206 1800
931 1165 1127 1220 propter
1183 1157 1500 1220 aptitudinem
1550 1159 1736 1205 numeri
1785 1159 1930 1205 etiam
1978 1156 2320 1219 compendiose
2367 1156 2564 1205 facturn.

315 1232 440 1280 Nam
481 1230 649 1279 addita
689 1231 870 1294 cyphra
909 1230 1116 1279 habetur
1153 1233 1288 1279 sinus
1330 1231 1611 1295 decuplum,
1651 1230 1826 1291 simplo
1866 1229 2031 1279 ablato
2071 1228 2394 1292 noncuplum,
2435 1228 2565 1291 quod

318 1313 392 1354 est
433 1303 683 1352 dimidium
725 1303 783 1352 de
829 1307 982 1352 1800.

491 1377 613 1425 Cum
652 1376 726 1424 his
769 1382 833 1425 90
874 1378 1084 1425 numeris
1132 1378 1350 1439 excerpsi
1403 1381 1469 1425 90
1522 1377 1870 1438 aequationum
1919 1389 2085 1435 arcuS,
2140 1376 2222 1436 qui
2276 1388 2442 1423 omnes
2490 1374 2564 1423 bis

315 1449 539 1498 sumendi
580 1456 715 1508 sunt,
764 1456 1019 1512 propterea
1057 1450 1174 1512 quia
1211 1464 1398 1513 semper
1447 1447 1542 1497 duo
1580 1448 1760 1512 gradus
1799 1448 2074 1497 anomaliae
2115 1455 2414 1510 coaequatae
2453 1453 2565 1495 sunt

317 1537 374 1571 ex
415 1530 577 1571 centro
618 1522 746 1571 Solis
785 1524 875 1570 sibi
918 1524 1144 1585 oppositi,
1185 1524 1388 1571 connexi
1428 1535 1541 1585 ergo
1590 1537 1699 1570 cum
1738 1531 1900 1570 centro
1950 1523 2201 1570 eccentrici
2240 1521 2423 1570 faciunt
2461 1521 2565 1569 iso-

322 1596 490 1656 sceles,
532 1595 670 1657 cujus
709 1602 911 1657 uterque
950 1595 1158 1656 angulus
1198 1597 1427 1657 aequatio
1469 1601 1542 1643 est
1578 1594 1707 1643 illius
1748 1595 1857 1643 loci.

487 1668 669 1716 Postea
716 1670 848 1716 sinus
897 1668 1235 1731 complementi
1286 1669 1632 1730 aequationum
1682 1669 1949 1730 nonaginta
2011 1667 2228 1729 excerpsi
2275 1665 2468 1728 illisque
2518 1671 2566 1716 et

312 1740 476 1790 addidi
517 1747 564 1789 et
603 1741 760 1789 ademi
801 1756 1051 1789 numerum
1092 1755 1149 1789 ex
1189 1743 1298 1789 sinu
1340 1740 1679 1803 complementi
1721 1741 2021 1799 anomaliae,
2065 1742 2326 1788 observata
2365 1754 2563 1787 casuum

313 1817 567 1862 varietate.
643 1813 874 1862 Prodiere
914 1814 1187 1875 distantiae,
1229 1829 1433 1876 quarum
1474 1815 1615 1862 binae
1656 1815 1910 1877 oppositae
1942 1820 2067 1874 sunt,
2111 1812 2310 1875 duplum
2350 1811 2566 1875 comple-

310 1889 459 1936 menti
498 1888 804 1948 aequationis
845 1888 994 1935 sinus.

487 1959 596 2007 Hoc
642 1966 786 2022 pacto
833 1960 1129 2008 eccentricus
1178 1956 1496 2007 dividitur⁰in
1550 1963 1652 2008 360
1692 1965 1855 2021 partes
1907 1957 2206 2020 inaequales.
2283 1957 2336 2006 In
2389 1958 2565 2021 quibus

314 2046 435 2095 quas
473 2033 672 2096 planeta
697 2047 856 2081 moras
883 2033 1088 2092 conficit,
1130 2046 1216 2080 eae
1256 2033 1524 2096 comparari
1562 2032 1777 2095 legitime
1805 2045 1899 2080 non
1926 2038 2143 2094 possunt,
2186 2045 2293 2079 cum
2331 2032 2426 2079 sint
2452 2045 2568 2094 par-

313 2109 433 2154 tium
484 2105 833 2167 inaequalium.
910 2105 1007 2154 Sed
1058 2119 1165 2153 cum
1219 2105 1343 2153 duae
1394 2113 1556 2168 partes
1608 2106 1883 2168 oppositae
1914 2104 2126 2153 officiant
2178 2103 2299 2152 duas
2338 2105 2564 2166 integras,

313 2194 380 2227 sc.
407 2175 496 2239 2⁰,
537 2187 755 2241 tempora
794 2180 1013 2226 binarum
1054 2180 1386 2241 oppositarum
1415 2180 1683 2241 comparari
1712 2175 1930 2240 possunt.
1982 2177 2063 2226 Sic
2089 2179 2236 2240 igitur
2261 2178 2355 2240 egi.
2420 2177 2566 2226 Sinus

314 2265 482 2300 versos
522 2254 733 2300 omnium
774 2254 1120 2314 aequationum
1161 2250 1360 2314 collegi,
1401 2266 1640 2299 summam
1680 2253 1896 2299 subtraxi
1938 2267 1968 2300 a
2008 2255 2109 2299 360
2149 2250 2311 2299 radiiS.
2376 2249 2567 2298 Relicta

309 2325 401 2372 fuit
439 2340 627 2373 summa
667 2327 880 2373 omnium
920 2324 1254 2372 distantiarum
1294 2326 1450 2372 minor
1488 2340 1635 2387 quam
1676 2326 1806 2383 360,
1848 2326 1964 2387 quia
2003 2330 2057 2371 ut
2094 2325 2227 2386 prius
2273 2327 2370 2372 180
2413 2315 2566 2371 trian-

310 2397 427 2460 gula
468 2399 849 2457 constituuntur,
891 2412 1095 2460 quorum
1137 2403 1238 2447 360
1279 2397 1435 2445 latera
1473 2398 1695 2459 longiora
1733 2405 1844 2445 sunt
1883 2412 2027 2459 quam
2074 2401 2172 2445 180
2214 2397 2374 2449 bases.
2449 2394 2566 2445 In'de

311 2471 456 2532 hujus
495 2485 712 2519 summae
766 2472 1126 2533 comparatione
1177 2470 1238 2518 ad
1280 2475 1382 2519 360
1424 2471 1701 2518 anomaliae
1750 2470 1982 2532 simplicis
2021 2469 2175 2528 sacta,
2224 2469 2402 2532 prodiit
2442 2483 2564 2517 ano-

311 2543 461 2591 malia
508 2543 763 2592 mediocris
814 2543 1072 2591 distantiae
1124 2542 1330 2594 debitae.
1380 2543 1436 2591 In
1478 2544 1568 2592 hoc
1608 2543 1777 2591 videor
1814 2544 2094 2605 impegisse,
2159 2541 2282 2590 Nam
2324 2544 2412 2590 etsi
2458 2542 2563 2591 360
2608 2558 2652 2606 fs

312 2617 547 2665 debentur
585 2617 654 2663 illi
693 2631 934 2675 summae,
989 2630 1084 2664 non
1134 2624 1293 2664 tamen
1335 2615 1570 2664 debentur
1609 2616 1679 2663 illi
1721 2614 1782 2664 ad
1822 2618 2069 2678 portiones
2108 2615 2358 2678 aequaleS.
2433 2614 2558 2663 Nam

310 2692 444 2752 ipsae
485 2697 646 2751 partes
686 2691 937 2737 eccentrici
976 2696 1088 2736 sunt
1126 2688 1425 2751 inaequales,
1467 2696 1669 2751 ergoet
1706 2703 1886 2737 morae.
1951 2687 2046 2737 Sed
2085 2694 2244 2736 tamen
2286 2687 2448 2736 nullus
2487 2692 2573 2757 est-

312 2776 454 2813 error.
537 2760 662 2809 Nam
710 2762 820 2810 ideo
871 2763 1020 2809 sumsi
1074 2763 1214 2809 binas
1264 2770 1423 2824 partes
1472 2764 1741 2824 oppositae,
1795 2769 1848 2809 ut
1897 2760 2189 2811 divideretur
2235 2761 2314 2810 hic
2361 2773 2556 2824 quoque

319 2836 612 2884 eccentricus
653 2837 699 2881 in
746 2839 844 2883 180
884 2833 1125 2895 aequalia.

485 2906 550 2954 At
587 2908 802 2969 profecto
847 2908 950 2968 jam
1003 2909 1049 2953 in
1090 2920 1316 2954 successu
1367 2907 1562 2968 impegi.
1638 2905 1765 2953 Nam
1804 2912 1855 2953 ut
1893 2912 2022 2954 totus
2065 2911 2274 2955 100000
2316 2905 2458 2971 (dixi)
2496 2903 2557 2965 ad

317 2978 371 3030 1⁰
411 2982 460 3028 0‘
506 2981 604 3028 18¹1
648 2982 784 3040 23⁰2
825 2981 892 3027 ita
933 2979 1202 3028 differentia
1241 2978 1487 3040 quaelibet
1524 2980 1647 3026 inter
1685 2978 1950 3041 longiorem
1991 2987 2039 3027 et
2079 2979 2347 3028 breviorem
2375 2979 2561 3027 distan-

311 3056 427 3101 tiam
470 3055 718 3116 oppositas
770 3052 830 3099 ad
883 3056 1153 3115 portionem
1199 3053 1430 3114 temporis
1481 3050 1752 3100 addendam
1802 3059 1850 3101 et
1895 3051 2271 3100 subtrahendam
2311 3053 2443 3115 prius
2482 3053 2557 3098 in-

311 3124 705 3189 ventae³duplici
744 3140 907 3173 morae
928 3125 1031 3188 jam
1059 3123 1352 3183 dimidiatae,
1394 3131 1445 3172 ut
1470 3123 1722 3185 habeatur,
1762 3133 1995 3187 quantum
2033 3125 2229 3188 planeta
2268 3128 2314 3172 in
2355 3122 2558 3186 longiori
2589 3125 2599 3161 f

313 3199 542 3248 distantia
579 3208 802 3257 moretur,
844 3206 1076 3260 quantum
1116 3199 1163 3245 in
1191 3197 1415 3245 breviori.
1471 3197 1612 3244 Error
1650 3197 1727 3246 hic
1765 3213 1869 3246 esse
1912 3198 2116 3257 videtur,
2157 3197 2288 3260 quod
2327 3196 2555 3245 distantia

311 3274 503 3321 brevior
540 3272 600 3319 ad
639 3273 908 3320 breviorem
948 3280 1134 3334 partem
1174 3271 1427 3319 eccentrici
1467 3269 1625 3330 valet,
1659 3272 1844 3334 *itaque
1886 3273 2180 3321 eccentricus
2218 3271 2300 3319 ille
2339 3271 2555 3319 semicir-

315 3346 424 3394 culo
466 3345 606 3393 aliter
645 3345 831 3391 divisus
871 3351 958 3393 est.

484 3417 743 3466 Praeterea
795 3416 1166 3465 incommoditas
1216 3421 1304 3464 est.
1378 3413 1546 3463 Prodit
1586 3417 1712 3463 enim
1758 3423 1948 3480 tempus
1998 3415 2213 3464 debitum
2261 3414 2431 3478 gradui
2471 3427 2556 3463 ae-

313 3489 474 3553 quali,
517 3490 646 3552 quod
685 3491 1045 3552 proportionale
1087 3489 1278 3538 demum
1319 3487 1582 3551 aptandum
1623 3488 1692 3535 illi
1732 3493 1881 3552 parti,
1921 3489 1981 3537 ad
2022 3503 2168 3552 quam
2208 3495 2279 3536 est
2319 3487 2558 3538 distantiat

314 3559 536 3625 Denique
566 3564 703 3610 aliter
730 3565 915 3624 operari
943 3563 1214 3625 nequimus,
1256 3563 1348 3609 nisi
1387 3575 1472 3624 per
1508 3561 1726 3622 singulos
1756 3564 2006 3611 eccentrici
2046 3560 2224 3621 gradus
2256 3567 2304 3610 et
2343 3560 2557 3623 singulas

315 3635 600 3692 distantiam,
650 3649 745 3682 non
786 3635 973 3696 aliquot
1014 3635 1315 3697 conjunctas,
1394 3635 1459 3681 At
1495 3634 1537 3681 si
1576 3637 1871 3684 eccentricus
1911 3634 2157 3683 dividatur
2194 3648 2280 3697 per
2317 3631 2555 3697 aequalia,

313 3721 397 3769 per
437 3708 720 3769 conjunctas
761 3707 1015 3755 distantias
1053 3709 1294 3770 possimus
1334 3707 1536 3771 operari.
1599 3702 1606 3710 “
2499 3717 2502 3719 ·

334 3785 343 3846 ᾗ
488 3780 691 3829 Videtur
738 3795 843 3829 esse
881 3780 1051 3843 regula
1093 3785 1121 3830 5
1163 3781 1497 3839 terminorum,
1547 3779 1672 3827 sicut
1720 3794 1786 3829 sc.
1834 3778 1982 3829 habet
2029 3777 2284 3828 mediocris
2324 3774 2558 3841 'distantia

315 3850 376 3899 ad
403 3853 491 3900 sui
530 3853 708 3915 gradus
745 3859 964 3915 tempus,
1006 3855 1075 3903 ita
1113 3853 1211 3902 alia
1249 3851 1312 3902 ad
1350 3853 1425 3901 sui
1466 3850 1661 3915 graduS.
1741 3858 1950 3902 100000
1989 3866 2076 3919 per
2117 3848 2173 3901 1⁰
2211 3854 2263 3901 0‘
2296 3850 2401 3902 >18⁴⁴
2439 3846 2558 3900 23⁰³
