2652 4088
641 148 696 194 In
724 148 912 194 Librum
941 147 1175 194 Plutarchi
1205 147 1261 193 de
1289 147 1428 194 Facie
1457 147 1504 193 in
1535 146 1653 193 Orbe
1687 146 1865 193 Lunae.
2274 144 2380 201 119

130 300 283 359 potins
310 295 574 351 intensiore,
604 300 656 341 ut
684 293 803 341 solet
829 306 976 347 mane,
1007 306 1057 339 se
1079 293 1272 341 dilatant
1294 307 1440 351 eaque
1462 293 1728 340 dilatatione
1747 292 1970 341 tolluntur
1992 295 2039 342 in
2059 295 2215 344 altum.
2267 295 2386 353 Quin

131 367 268 424 igitur
296 373 343 412 et
371 367 529 412 Lunae
556 363 834 409 incrementa
864 362 983 408 idem
1014 366 1094 407 aer
1122 363 1372 420 percipiat?
2184 388 2191 392 -

304 433 371 479 92.
403 433 555 477 Locus
594 436 748 474 tamen
785 429 873 474 iste
915 426 1206 476 nihilominus
1239 429 1599 475 consideratione
1641 429 1802 485 dignus
1841 432 1912 472 est
1941 428 1993 473 ’18
2024 431 2386 488 meteorologicis

130 503 176 546 et
206 497 467 554 astrologia,
497 509 555 540 an
586 495 719 539 Luna
748 495 792 539 vi
822 494 1023 550 corporis
1055 494 1203 551 insita,
1238 494 1277 540 si
1307 509 1400 540 non
1429 497 1531 552 ipsa
1562 494 1817 540 immediate
1847 493 2091 553 humectat,
2126 497 2248 554 quod
2277 498 2383 544 hac-

128 571 262 610 tenus
292 563 476 620 negavi,
520 566 722 606 attamen
763 561 915 606 radios
949 559 1066 605 Solis
1097 560 1144 603 in
1177 573 1224 605 se
1253 567 1463 619 receptos
1493 562 1676 616 alteret,
1722 567 1774 606 ut
1802 561 1834 604 ii
1864 573 1891 605 a
1920 561 2052 606 Luna
2093 561 2307 622 deinceps
2335 565 2383 611 in

129 634 317 678 Terram
346 627 579 688 prorogati
616 627 712 683 jam
742 627 1014 672 humectent
1075 626 1192 671 Nam
1224 626 1270 671 in
1301 629 1535 686 principiis
1574 628 1848 685 astrologiae
1888 626 2155 674 certioribus
2186 630 2275 676 hoc
2305 631 2383 676 ad·
2419 622 2427 634 ’

127 698 290 754 scripsi
318 709 409 740 non
441 693 619 748 corpori
648 694 806 738 Lunae
834 693 882 737 in
911 692 1085 749 specie,
1131 694 1211 738 sed
1244 694 1478 739 reflexioni
1507 694 1595 750 ipsi
1625 707 1651 739 a
1684 705 1955 750 quocunque
1995 693 2146 751 globo.
2197 696 2383 743 Etenim

127 764 213 821 Ep.
243 766 367 809 Astr.
407 759 485 806 lib.
517 758 597 804 IV.
642 760 689 802 in
734 759 1022 814 indagatione
1062 772 1300 805 causarum
1345 759 1620 804 naturalium
1658 765 1807 804 motus
1851 759 2060 804 coelestis
2104 759 2384 817 deprehendi

125 829 378 884 manifeste,
410 826 624 871 distincta
654 837 755 869 esse
776 825 929 868 munia
962 823 1227 882 effluxuum,
1261 826 1462 883 corporis
1484 824 1736 882 illuminati,
1766 830 1819 870 ut
1840 837 2018 882 corpuS,
2052 825 2146 873 suis
2168 829 2382 884 potentiis

127 892 409 940 naturalibus
439 891 725 947 instructum,
758 898 804 936 et
826 890 924 947 ejus
954 891 1149 948 luminis,
1185 906 1264 938 seu
1287 892 1490 948 ejusdem
1521 893 1737 950 corporis,
1769 897 1821 937 ut
1850 892 2162 938 illuminatum.
2216 895 2306 940 Sed
2328 896 2383 942 de

124 963 196 1008 his
226 961 360 1018 plura
389 959 435 1003 in
465 958 841 1015 meteorologicis.

299 1025 367 1070 93.
396 1024 482 1068 Hic
512 1023 714 1080 plantam
753 1024 951 1080 aliquam
983 1022 1427 1080 subintelligendam,
1470 1036 1588 1080 quae
1619 1024 1776 1068 usibus
1814 1021 2024 1067 humanis
2062 1025 2173 1071 mire
2204 1027 2384 1086 serviat,

127 1090 440 1139 antecedentia
470 1095 519 1134 et
547 1090 784 1145 sequentia
815 1095 1058 1136 testantur.
1113 1086 1233 1143 ’Ἀμμι
1263 1089 1379 1134 forte
1411 1089 1706 1143 Dioscoridis,
1740 1088 1870 1144 cujus
1901 1102 2070 1148 semen,
2104 1092 2282 1138 cumino
2302 1094 2383 1139 mi-

123 1173 231 1204 nus:
264 1157 399 1214 quod,
432 1155 479 1199 ni
509 1152 656 1212 fallor,
691 1155 899 1201 Silesitae
930 1158 1115 1202 Karben
1147 1171 1229 1202 suo
1261 1157 1475 1202 idiomate
1505 1157 1790 1214 appellitant.

298 1226 369 1270 94.
402 1225 519 1268 Η1811
550 1236 634 1278 ego
663 1224 798 1281 plane
828 1227 875 1270 111
908 1227 1132 1271 diversum
1163 1225 1275 1272 abeo
1306 1225 1352 1270 in
1385 1226 1585 1272 Somnio,
1647 1225 1825 1282 Quippe
1855 1223 1978 1269 aliud
2009 1223 2193 1269 credere
2220 1224 2384 1281 jubent
2422 1253 2428 1272 .

124 1306 262 1350 opera
292 1290 588 1336 lunicolarum
626 1291 848 1347 ingentia,
894 1305 1010 1349 quae
1046 1291 1147 1336 vide
1186 1291 1232 1336 in
1271 1293 1521 1349 appendice
1554 1291 1736 1338 Somnii.
1798 1290 1968 1335 Premit
2013 1294 2166 1334 tamen
2212 1292 2382 1339 stoicos

123 1358 288 1403 acriter
319 1356 412 1401 suis
442 1357 643 1412 ipsorum
676 1357 980 1415 dogmatibus.

295 1423 365 1468 952
399 1423 547 1468 Causa
577 1423 800 1479 dogmatis
831 1422 1057 1479 imperitia
1087 1422 1305 1480 vulgaris3
1347 1421 1469 1480 quod
1502 1436 1603 1467 cum
1633 1422 1867 1467 videamus
1897 1421 2047 1467 radios
2079 1435 2136 1467 ex
2167 1422 2272 1470 Sole
2301 1437 2385 1482 per

31 1476 35 1478 ’
121 1488 273 1533 hiatus
303 1488 490 1532 nubium
519 1489 566 1533 in
599 1489 784 1534 Terram
818 1490 1051 1545 (1811118808,
1078 1488 1255 1545 Jactare
1277 1489 1437 1545 vulgus
1461 1487 1592 1544 solet,
1626 1489 1777 1533 Solem
1800 1486 2030 1532 attrahere
2051 1500 2208 1547 aquas,
2239 1492 2385 1537 nostri

33 1576 36 1577 ’
120 1555 317 1612 quidem,
349 1555 407 1598 ad
438 1553 700 1613 pluendum,
733 1556 864 1601 stoici
895 1570 1016 1615 vero,
1049 1556 1107 1600 ad
1138 1554 1398 1602 bibendum.
1450 1555 1594 1611 Atqui
1624 1568 1715 1600 non
1747 1554 1852 1611 quia
1884 1553 1962 1597 Sol
1990 1553 2093 1600 illos
2121 1554 2275 1602 radios
2307 1570 2384 1602 ex—

118 1619 271 1676 plicat,
302 1620 407 1666 ideo
438 1619 588 1676 pluet,
628 1621 709 1667 sed
742 1623 846 1679 quia
873 1622 968 1677 jam
999 1627 1133 1666 antea
1163 1625 1244 1664 aer
1275 1628 1345 1666 est
1377 1621 1651 1679 rorulentus,
1685 1621 1788 1666 ideo
1820 1619 1935 1664 radii
1965 1618 2090 1666 Solis
2117 1634 2200 1679 per
2228 1621 2382 1669 hiatus

118 1685 303 1731 nubium
345 1691 632 1743 erumpentes
673 1693 862 1744 totoque
900 1693 1052 1733 tractu
1093 1686 1327 1732 rectilineo
1368 1688 1414 1731 in
1447 1687 1649 1745 guttulas
1688 1687 1803 1732 roris
1843 1688 2051 1734 minimas
2081 1686 2383 1746 impingentes

40 1778 54 1786 v·
118 1751 234 1798 fiunt
265 1753 510 1810 conspicui,
543 1768 634 1798 non
667 1766 801 1799 secus
832 1768 884 1799 ac
916 1756 962 1799 in
995 1767 1174 1799 camera
1206 1754 1459 1810 tenebrosa,
1496 1768 1597 1799 cum
1627 1753 1762 1799 iidem
1790 1757 1919 1816 radii,
1951 1770 2034 1816 per
2053 1754 2213 1798 rimam
2242 1754 2382 1800 intro-

117 1820 258 1874 missi,
289 1821 570 1878 pulvisculos
600 1823 647 1866 in
678 1828 782 1868 aere
813 1837 1020 1869 camerae
1050 1823 1291 1868 volitantes
1324 1824 1557 1869 irradiant.

294 1888 383 1932 Sed
414 1888 709 1945 suppeditant
746 1889 834 1935 hae
864 1891 1017 1946 virgae
1058 1889 1344 1934 vexationem
1370 1891 1637 1946 jucundam.
1698 1887 1958 1933 Astronomi
1989 1886 2166 1945 dicunt,
2213 1888 2381 1934 distan-

118 1953 229 1997 tiam
268 1953 388 1999 Solis
427 1967 527 1999 esse
566 1954 767 2000 infinitae
809 1955 1016 2002 similem.
1075 1955 1138 2001 At
1178 1955 1284 2000 illae
1313 1956 1487 2012 virgae,
1530 1955 1723 2013 sparsim
1765 1958 1983 1999 exeuntes
2015 1966 2041 1999 e
2069 1954 2190 1999 nube
2230 1955 2380 2001 Solem

120 2026 316 2076 tegente,
348 2020 387 2064 si
418 2022 742 2066 continuentur
769 2021 828 2066 ad
859 2034 1152 2075 concursum,
1182 2022 1228 2065 in
1262 2034 1314 2065 eo
1344 2020 1495 2066 locum
1527 2021 1644 2067 Solis
1673 2024 1781 2078 post
1809 2019 1975 2065 nubem
2005 2018 2227 2066 latitantis
2256 2034 2382 2067 mon-

120 2091 267 2130 strant
296 2085 558 2131 certissime.
621 2087 722 2131 Hoc
752 2100 858 2131 vero
889 2087 1047 2143 nequit
1075 2087 1188 2144 fieri,
1219 2086 1307 2130 nisi
1336 2087 1383 2131 in
1414 2100 1482 2144 eo,
1513 2086 1635 2144 quod
1666 2087 1971 2143 propinquum
2001 2089 2085 2132 est.
2130 2086 2206 2138 Ite
2235 2091 2380 2133 astro-

24 2148 27 2218 :
55 2193 59 2196 ,
117 2152 252 2204 nomi,
281 2151 405 2195 fores
437 2152 610 2207 optices
640 2152 833 2209 pulsate,
865 2158 916 2197 ut
944 2153 1284 2209 responsionem
1314 2152 1442 2197 vobis
1474 2152 1736 2209 suppeditet
1765 2153 1989 2198 idoneam.

294 2218 364 2264 96.
398 2217 524 2275 Sylla
551 2217 778 2274 hospitem
821 2218 898 2264 hic
939 2232 1070 2264 suum
1111 2219 1359 2265 introducit
1396 2233 1498 2264 cum
1535 2219 1796 2265 narratione
1832 2217 2136 2276 geographica
2168 2179 2229 2266 de
2268 2222 2378 2268 orbe

118 2284 362 2341 incognito.

294 2352 364 2397 97.
394 2346 621 2395 Notabilis
649 2349 777 2393 locus
807 2351 1091 2408 geographis.
1135 2350 1181 2394 Si
1207 2349 1301 2406 Jam
1332 2351 1416 2396 sub
1439 2350 1637 2396 Adriano
1669 2351 1949 2407 Imperatore
1980 2351 2177 2410 quinque
2208 2353 2381 2401 dierum

120 2418 405 2472 navigatione
437 2427 677 2460 excursum
708 2415 795 2460 fuit
826 2429 851 2460 e
881 2417 1117 2463 Britannia
1147 2418 1194 2462 in
1225 2430 1436 2462 occasum
1467 2417 1705 2472 aestivum,
1741 2418 1780 2462 si
1807 2417 1856 2461 in
1885 2416 1975 2462 illis
2005 2418 2166 2466 insulis
2196 2421 2379 2468 inventa

121 2490 191 2531 est
221 2485 342 2529 fama
374 2482 648 2529 continentis
679 2495 868 2538 magnae
900 2484 1151 2528 contrariae
1175 2484 1543 2541 Graecorumque
1566 2497 1665 2530 eam
1686 2484 2054 2530 inhabitantium:
2086 2486 2196 2542 quid
2216 2499 2380 2534 causae

120 2556 205 2607 est,
236 2564 318 2595 cur
346 2554 439 2594 tam
471 2548 664 2593 sollicite
693 2548 924 2604 inquirant
955 2550 1038 2595 viri
1069 2550 1204 2609 docti,
1237 2564 1326 2608 qua
1355 2552 1429 2595 via
1459 2563 1600 2608 genus
1632 2550 1879 2596 humanum
1907 2552 1955 2595 in
1985 2551 2287 2599 occidentales
2308 2554 2401 2608 Ι8-ι

122 2618 219 2664 dias
249 2615 493 2677 propagari
522 2616 733 2672 potuerit.

293 2681 634 2728 Dimensionum
664 2681 844 2739 quidem
872 2682 986 2727 ratio
1018 2695 1108 2727 non
1140 2689 1208 2729 est
1240 2683 1459 2740 exigenda
1490 2682 1682 2728 sollicite
1713 2683 1769 2728 ab
1801 2684 1888 2729 hoc
1918 2683 2152 2728 Plutarchi
2182 2683 2309 2743 loco;
2342 2685 2381 2732 si

31 2779 36 2788 ·
122 2755 275 2797 tamen
304 2748 641 2795 Mauritianiam
672 2748 956 2803 designasset
985 2748 1271 2808 ulteriorem,
1303 2756 1383 2795 aut
1415 2749 1646 2795 columnas
1677 2749 1910 2805 Herculis,
1944 2749 2065 2795 unde
2096 2749 2378 2809 solvendum,

36 2832 38 2870 ς
123 2815 426 2872 credidissem,
457 2813 515 2860 de
543 2814 871 2870 Hesperidibus
902 2819 981 2860 aut
1012 2814 1144 2859 etiam
1177 2816 1232 2861 de
1262 2817 1482 2863 Azoribus
1513 2816 1639 2860 illum
1669 2816 1806 2873 loqui.
1858 2816 1946 2862 Sed
1970 2817 2077 2872 quia
2097 2817 2379 2862 Britanniam

35 2882 39 2895 ’
124 2882 292 2934 statuit,
325 2881 502 2926 omnino
537 2881 593 2925 de
621 2881 822 2926 Islandia
854 2879 998 2938 deque
1031 2881 1330 2938 circumjectis
1361 2881 1520 2926 insulis
1550 2881 1695 2926 tribus
1717 2882 1985 2937 Frislandia,
2016 2883 2173 2940 Icaria,
2205 2883 2375 2929 Groen·

36 2935 39 2998 ι,
121 2950 274 2996 landia
307 2948 433 3004 loqui
463 2948 652 3005 videtur,
686 2953 736 2992 ut
768 2947 827 2993 sit
856 2961 1010 2993 earum
1040 2961 1152 3001 una,
1185 2949 1345 3006 ingens
1378 2947 1705 3001 Groenlandia,
1737 2946 2019 3002 importuosa
2048 2948 2241 2994 fortasse
2272 2954 2381 2996 tunc

40 3059 41 3063 ,
123 3022 170 3062 81
198 3015 356 3073 paucis
387 3014 620 3072 litoribus,
661 3028 744 3072 pro
774 3025 914 3070 parva
943 3012 1093 3058 insula
1129 3015 1331 3072 cognita,
1371 3019 1454 3057 aut
1483 3012 1602 3056 fama
1633 3011 1731 3056 sola
1762 3012 1956 3057 Islandis
1987 3019 2109 3059 nota.
2170 3015 2266 3060 Nec
2299 3015 2377 3060 ob·

38 3075 41 3095 ³
123 3088 227 3135 stat,
258 3080 437 3125 Thulen
467 3082 694 3126 veteribus
727 3082 838 3126 satis
869 3078 1008 3123 fuisse
1041 3080 1266 3135 cognitam
1298 3085 1344 3123 et
1374 3078 1667 3122 Plutarchum
1699 3077 1754 3121 de
1786 3090 1839 3122 ea
1869 3092 1961 3122 non
1994 3092 2094 3124 esse
2124 3079 2376 3138 intelligen-

125 3151 243 3196 dum.
303 3147 484 3204 Negant
515 3148 632 3192 enim
664 3148 746 3192 viri
777 3146 911 3202 docti,
945 3145 1061 3190 hanc
1092 3151 1294 3191 nostram
1325 3145 1569 3189 Islandiam
1601 3155 1702 3188 esse
1730 3148 1931 3189 veterum
1962 3144 2153 3202 Thulen,
2186 3145 2266 3189 sed
2298 3150 2378 3191 aut

42 3259 43 3263 ,
124 3213 427 3262 Scetlandiam
459 3213 673 3269 indicant,
705 3219 785 3258 aut
815 3212 1160 3257 Tilemarchiam
1190 3212 1231 3255 N
1236 3211 1486 3266 ordwegiae
1515 3213 1722 3255 tractum.
1773 3209 1912 3254 Esset
1941 3210 2078 3265 igitur
2108 3223 2271 3266 magna
2299 3210 2378 3255 illa

42 3280 43 3333 J
93 3288 97 3290 ’
125 3279 359 3327 continens
391 3278 437 3321 in
469 3292 676 3323 occasum
707 3284 902 3331 remota,
948 3276 1233 3332 Estotiland,
1277 3281 1358 3321 aut
1387 3282 1510 3321 terra
1539 3275 1832 3319 Laboratoris
1864 3280 1909 3320 et
1941 3275 2212 3321 Corterealis
2242 3276 2378 3323 hodie

43 3368 45 3397 ;
123 3348 257 3396 dicta,
287 3350 334 3389 et
364 3344 546 3388 Canada
576 3350 621 3388 et
650 3346 777 3389 Nova
807 3342 1014 3397 Francia,
1046 3342 1236 3399 pelagus
1266 3342 1379 3386 illud
1410 3342 1583 3385 lentum
1614 3346 1660 3385 et
1688 3340 1959 3396 paludosum
1989 3341 2164 3398 brevia,
2199 3340 2378 3398 objecta

44 3433 45 3438 ¹
120 3412 312 3463 insulae,
343 3412 415 3456 cui
445 3411 587 3455 Terra
615 3411 745 3455 Nova
775 3422 961 3463 nomen,
1009 3407 1149 3453 Gallis
1180 3408 1246 3451 Le
1279 3407 1421 3464 grand
1451 3406 1572 3462 banq
1604 3405 1750 3463 dicta3
1795 3407 1920 3452 sinus
1951 3419 2140 3463 magnus
2169 3407 2247 3454 ille
2275 3408 2375 3467 ipse

44 3469 46 3502 ἶ
125 3475 350 3522 Canadam
380 3475 499 3519 inter
529 3481 574 3520 et
602 3474 955 3529 Norumbegam,
998 3474 1164 3529 quippe
1204 3487 1304 3517 cum
1347 3472 1459 3516 mari
1492 3472 1655 3527 Caspio
1697 3474 1781 3518 sub
1820 3472 1976 3518 eodem
2008 3472 2251 3530 parallelo.
2302 3475 2376 3521 An

121 3543 360 3596 malumus,
393 3542 536 3585 sinum
567 3540 709 3597 ipsius
739 3539 1056 3594 Norumbegae
1085 3538 1492 3583 meridionaliorem
1523 3550 1666 3594 usque
1698 3537 1757 3582 ad
1781 3538 2062 3595 virginiam?
2107 3539 2259 3585 Etiam
2280 3540 2374 3587 No-

59 3623 62 3626 ·
123 3608 384 3663 rumbegam
415 3606 604 3651 abluens
642 3617 764 3649 mare
796 3606 1008 3651 scribitur
1051 3603 1164 3647 adeo
1195 3604 1419 3660 repletum
1450 3616 1606 3657 arena,
1652 3608 1703 3647 ut
1732 3603 2032 3659 periculosam
2060 3604 2223 3650 reddat
2254 3599 2374 3652 circe.

93 3723 97 3725 ,
123 3673 238 3719 haec
265 3673 368 3718 loca
398 3671 741 3727 navigationem,
782 3671 949 3726 quippe
979 3682 1137 3726 parum
1167 3667 1451 3725 profundum.
1514 3668 1561 3714 Si
1594 3668 1788 3714 Graecos
1819 3668 1896 3714 illa
1926 3669 2027 3715 loca
2065 3672 2374 3726 tunchabue-

124 3745 228 3785 runt
255 3738 449 3793 incolas,
492 3736 663 3793 cogita,
704 3749 810 3779 num
841 3748 941 3792 eos,
974 3736 1052 3791 qui
1092 3735 1262 3792 egressi
1299 3734 1529 3780 columnas
1561 3733 1769 3779 Herculis
1807 3735 2142 3793 Norumbegam
2172 3737 2373 3784 invenire

49 3839 51 3842 ⁴
125 3803 384 3862 potuerunt,
418 3803 559 3847 latere
589 3802 789 3858 potuerit
818 3802 942 3847 sinus
971 3803 1251 3858 Mexicanus,
1282 3806 1505 3858 perpetua
1535 3801 1792 3846 continente
1821 3801 2057 3858 interiecta
2078 3804 2302 3861 sepositus
2325 3811 2372 3851 et

49 3918 52 3927 ,
126 3882 330 3917 connexa
370 3870 535 3917 isthmo
563 3867 734 3926 ingenti
762 3868 968 3915 America
1003 3867 1336 3914 meridionalis?
1399 3867 1503 3914 Etsi
1532 3867 1732 3915 Tartaris
1770 3867 1907 3916 etiam
1934 3868 2170 3926 Jeguraeis
2212 3875 2257 3916 et
2289 3871 2369 3918 Ca·
