2652 4088
1025 144 1106 195 111.
1141 143 1465 198 Astrouomica.
2251 125 2356 194 249

106 301 375 353 subdivide
413 301 462 351 in
502 297 610 359 30⁰,
651 298 916 351 dividendo
966 303 1121 364 primo
1159 302 1208 350 in
1251 305 1296 363 5,
1338 300 1448 349 dein
1486 299 1536 346 in
1579 300 1626 356 3,
1666 292 1873 356 denique
1912 291 1959 340 in
2001 294 2046 341 2.
2122 285 2183 336 Et
2221 285 2361 347 signa

108 378 292 441 gradus
329 375 549 440 singulos
587 375 779 439 punctis
819 374 1097 436 subtilibus,
1139 377 1314 438 quinos
1352 371 1550 430 lineola,
1588 369 1740 418 denos
1778 364 1958 415 lineola
1995 371 2043 413 et
2082 372 2298 410 numer0.

283 449 398 498 Jam
436 447 788 508 animadverte,
828 446 1076 511 quodnam
1114 450 1178 496 sit
1214 449 1427 496 futurum
1465 445 1611 508 hujus
1649 440 1837 491 zodiaci
1876 439 2176 502 principium.
2251 431 2363 482 Me·-

106 523 304 570 mineris
342 524 512 584 igitur,
553 535 662 570 cum
701 536 849 584 supra
885 521 1093 570 rotulam
1132 523 1180 568 in
1225 526 1287 572 12
1330 519 1449 568 locis
1486 525 1835 581 perpungcres,
1874 519 1923 560 te
1960 512 2363 592 primum-punc:-

110 603 215 643 tum
268 596 441 643 fecisse
490 601 603 657 post
651 608 819 656 sexag.
864 600 907 646 1.
950 593 1068 662 15:4³
1143 593 1272 642 Illud
1320 595 1467 655 igitur
1515 595 1749 654 punctum
1796 588 1844 633 in
1895 584 2048 633 altera
2096 582 2221 630 facie
2274 581 2364 626 erit

110 669 399 732 principium
429 668 487 728 Υ
523 666 601 715 vel
637 666 748 717 finis
785 669 860 731 ἦῆ.
937 660 1099 728 Qtiare
1138 669 1261 716 inter
1299 665 1418 715 iliud
1458 670 1505 713 et
1542 663 1816 727 proximum
1855 657 1917 706 ad
1956 658 2197 706 sinistram
2236 664 2364 716 pone

107 740 270 789 medio
308 740 420 789 loco
459 741 652 803 signum
682 741 763 800 Υ,
802 740 874 789 sic
912 742 1038 788 inter
1074 740 1168 789 hoc
1206 746 1253 789 ct
1277 741 1549 803 proximum
1575 749 1701 799 pone
1725 735 1915 795 signum
1965 727 2038 793 ὅ,
2070 730 2151 792 Π,
2180 723 2264 796 63»,
2294 718 2366 798 <Q

116 820 226 874 etc„
266 819 320 862 ut
355 815 504 863 series
543 814 790 876 signorum
828 815 894 862 sit
931 828 960 863 a
999 812 1168 864 dextra
1205 827 1393 863 sursum
1431 823 1602 861 versus
1639 808 1897 858 sinistram.

18 1011 37 1017 -
109 974 408 1028 Quomodo
434 973 576 1021 haec
601 976 806 1034 omnia,
845 977 895 1023 si
920 977 1016 1024 cui
1039 977 1285 1036 placeat,
1322 974 1385 1022 in
1422 971 1859 1022 commodiorem
1894 968 2133 1017 formam
2160 958 2369 1012 mutari

1123 1049 1361 1108 possint.

289 1146 347 1194 In
384 1145 705 1209 praecedente
745 1147 1066 1211 descriptione
1107 1162 1426 1211 quaecunque
1466 1146 1527 1196 ad
1563 1147 1632 1194 rei
1658 1145 1813 1208 ipsius
1853 1144 2106 1191 veritatem
2145 1153 2371 1203 expressa

109 1226 236 1279 sunt,
279 1219 365 1269 illa
402 1221 578 1267 mutari
617 1234 715 1269 non
755 1229 986 1285 possunt,
1028 1237 1153 1285 quae
1195 1236 1309 1270 vero
1348 1221 1410 1270 ad
1449 1220 1698 1269 arbitrium
1737 1223 1897 1266 sumta
1934 1220 2074 1273 sunt,
2128 1227 2235 1261 cum
2276 1215 2370 1260 im-

111 1292 346 1357 possibile
385 1299 514 1341 esset
553 1299 774 1342 naturam
814 1296 970 1357 ipsam
1010 1297 1217 1355 imitari,
1260 1293 1582 1344 diversimode
1623 1294 1769 1339 etiam
1807 1304 1894 1354 pro
1935 1287 2128 1336 diverso
2169 1286 2369 1334 artificis

113 1366 334 1414 instituto
374 1374 460 1413 aut
496 1365 775 1415 conditione
814 1370 1047 1417 materiae
1087 1369 1314 1416 constitui
1342 1371 1558 1432 possunt.
1623 1361 1907 1428 Cujusmodi
1948 1368 2060 1409 sunt
2098 1358 2284 1407 zodiaci
2325 1363 2373 1408 et

113 1453 281 1488 cursus
319 1438 502 1487 lunaris
541 1439 738 1499 circuli,
787 1455 992 1502 quorum
1031 1441 1113 1490 ille
1153 1448 1347 1506 propter
1387 1438 1793 1488 inaestimabilem
1847 1432 2238 1499 amplitudinem,
2290 1432 2369 1480 hic

113 1518 308 1576 propter
344 1511 678 1560 insensibilem
715 1516 1009 1576 parvitatem
1047 1517 1095 1561 in
1135 1529 1224 1563 sua
1263 1513 1326 1563 ad
1364 1521 1549 1563 ceteras
1576 1511 1808 1575 sphaeras
1833 1508 2144 1573 proportione
2171 1507 2373 1568 exprimi

113 1587 159 1632 in
198 1599 352 1648 parva
406 1584 529 1633 facie
580 1587 775 1634 minime
828 1593 1049 1650 possunt.
1125 1585 1265 1636 Unde
1304 1589 1352 1634 in
1400 1584 1719 1650 praecedente
1770 1583 2092 1647 descriptione
2141 1578 2373 1628 zodiacus

109 1659 281 1718 minor,
321 1656 529 1720 sphaera
564 1657 751 1707 lunaris
788 1660 945 1722 major
976 1660 1113 1722 justo
1152 1661 1267 1709 facti
1306 1666 1433 1711 sunt,
1503 1664 1505 1666 ’
1651 1718 1654 1721 ‚

281 1730 437 1792 Igitur
487 1732 530 1778 si
579 1732 668 1779 tibi
708 1734 770 1779 sit
810 1735 951 1797 copia
988 1733 1171 1782 metalli
1210 1733 1416 1796 alicujus
1466 1733 1543 1794 (ut
1593 1733 1789 1779 omnino
1834 1741 2049 1793 papyrus
2100 1723 2373 1775 certitudini

111 1799 283 1852 harum
321 1817 479 1851 rerum
518 1805 798 1854 satisfacere
838 1820 935 1855 non
974 1797 1136 1871 potest
1174 1813 1369 1871 propter
1406 1806 1780 1854 inconstantiam
1819 1801 2098 1866 materiae),
2152 1801 2247 1850 ista
2291 1813 2373 1849 se-

109 1877 308 1939 quentia
345 1875 404 1924 de
443 1879 679 1939 superiori
719 1878 1039 1943 descriptione
1078 1881 1255 1928 imitari
1294 1881 1492 1943 poteris·

282 1948 497 1996 Primum
525 1950 653 2010 dixi,
682 1951 893 2001 rotulam
920 1968 1026 2002 esse
1054 1953 1384 2002 fabricandam
1413 1967 1523 2002 cum
1551 1949 1870 2014 amplitudine
1901 1953 1964 1998 36
1993 1947 2201 2010 partium
2241 1947 2372 1994 inte-

20 2013 21 2019 ’
108 2023 249 2080 tiore,
278 2020 345 2069 40
374 2023 580 2084 partium
609 2027 859 2073 exteriore.
917 2025 973 2074 Id
1001 2029 1069 2074 ita
1093 2027 1409 2075 constitutum
1447 2026 1551 2084 fuit,
1582 2031 1635 2072 ut
1662 2022 1821 2072 rotula
1848 2029 2013 2086 posset
2040 2023 2162 2069 inter
2187 2019 2370 2083 sphae-

23 2145 26 2167 ‚
111 2108 213 2142 ram
264 2092 408 2142 Jovis
463 2102 510 2143 et
547 2095 718 2144 Martis
770 2100 966 2156 motari,
1020 2114 1080 2149 ne
1127 2106 1290 2147 tamen
1330 2098 1430 2147 ulla
1468 2097 1661 2148 illarum
1708 2096 2023 2160 sphaerarum
2063 2092 2302 2157 particula
2341 2108 2372 2142 a

110 2165 271 2215 rotula
311 2174 567 2229 tegeretur.
627 2168 806 2218 Verum
832 2174 872 2219 si
901 2171 1062 2220 rotula
1087 2171 1172 2220 fiat
1197 2179 1319 2230 rota,
1360 2171 1410 2222 h.
1439 2185 1481 2222 e.
1511 2173 1551 2219 si
1588 2177 1725 2218 rotae
1765 2167 2130 2232 amplitudinem
2171 2167 2373 2215 interio-

110 2245 211 2288 rem
249 2255 413 2287 sumas
445 2245 543 2288 102
586 2242 808 2305 partium,
850 2246 1137 2293 exteriorem
1176 2260 1262 2309 pro
1302 2245 1475 2304 lubitu,
1516 2250 1565 2293 et
1602 2245 1725 2291 inter
1762 2242 1851 2290 has
1891 2241 2100 2289 mediam
2140 2240 2372 2303 amplitu-

113 2308 272 2361 dinem
304 2317 404 2361 104
435 2313 513 2362 vel
546 2317 643 2363 106
675 2318 900 2380 partium,
941 2311 991 2365 id
1031 2319 1077 2365 in
1116 2317 1318 2366 metallo
1358 2317 1536 2366 multas
1575 2315 1947 2365 commoditates
1985 2314 2187 2362 habebit
2225 2319 2373 2376 atque

113 2387 261 2435 ctiam
297 2388 495 2450 propius
534 2387 735 2436 accedet
773 2389 835 2437 ad
874 2405 1031 2439 rerum
1071 2397 1323 2451 naturam,
1364 2405 1475 2438 nam
1513 2389 1673 2438 rotula
1709 2389 1793 2437 illa
1819 2387 2166 2452 complectetur
2207 2401 2375 2435 omncs

113 2458 370 2524 sphaeras;
410 2460 458 2505 in
499 2459 632 2508 molli
674 2476 787 2510 vero
829 2470 877 2512 et
915 2478 1192 2527 papyracea
1230 2465 1434 2512 materia
1471 2462 1643 2512 melius
1684 2469 1772 2521 est,
1814 2476 2015 2525 parvam
2056 2474 2162 2509 esse
2201 2468 2374 2511 rotam.

284 2530 525 2593 Secundo,
568 2535 617 2580 in
655 2534 817 2583 rotula
857 2541 885 2585 2
917 2536 1015 2584 dixi
1054 2536 1204 2585 facies
1243 2535 1566 2585 instituendas
1606 2535 1844 2585 beneficio
1872 2534 2253 2598 perpunctionis.
2308 2533 2376 2581 At

118 2604 160 2652 si
197 2606 400 2653 materia
437 2607 501 2653 sit
540 2621 739 2670 cuprea,
793 2611 1078 2672 perpunctio
1129 2609 1337 2659 difficilis
1377 2617 1425 2658 et
1462 2609 1692 2658 indecora
1731 2616 1821 2658 est.
1899 2608 2027 2669 Ergo
2077 2620 2302 2654 numeros
2346 2612 2373 2654 6

114 2677 355 2739 totiesque
397 2682 461 2725 60
503 2681 661 2727 coecis
701 2679 1084 2742 characteribuS,
1125 2683 1173 2734 h.
1212 2697 1255 2732 e.
1291 2697 1481 2730 rursum
1522 2681 1836 2740 delebilibus‚
1892 2679 2095 2744 perfice,
2138 2693 2377 2743 perpnnc-

115 2750 295 2798 tionem
345 2757 393 2799 et
444 2749 644 2800 alterius
694 2754 835 2803 faciei
878 2754 1268 2804 distributionem
1318 2757 1499 2804 omitte.
1586 2755 1695 2804 Hac
1743 2753 1933 2803 rotulae
1985 2753 2108 2802 facie
2161 2754 2232 2800 sic
2277 2752 2378 2800 dis-

115 2822 295 2871 tributa
332 2824 414 2870 ubi
452 2823 598 2872 fueris
636 2840 752 2874 usus
792 2827 839 2874 in
891 2828 1180 2891 quaerendis
1224 2830 1457 2893 apogaeis
1499 2834 1548 2878 et
1586 2827 1861 2876 dividendis
1901 2826 2092 2875 circulis
2135 2827 2164 2873 6
2206 2824 2378 2890 plane-

117 2899 296 2955 tarum,
351 2904 522 2959 postea
572 2897 678 2947 dele
728 2902 878 2948 series
927 2908 1233 2950 numerorum
1277 2908 1304 2950 6
1347 2907 1394 2950 et
1435 2907 1499 2950 60
1541 2906 1589 2950 et
1630 2916 1716 2964 pro
1769 2902 1827 2947 iis
1880 2900 2087 2948 inscribe
2135 2900 2376 2962 expressis

115 2966 266 3017 literis
309 2973 372 3016 12
411 2970 551 3032 signa
596 2971 784 3021 zodiaci
812 2980 879 3021 et
921 2975 1094 3023 seriem
1134 2989 1441 3023 numerorum
1484 2977 1568 3024 30.
1643 2972 1700 3022 ld
1751 2971 1894 3021 facile
1944 2971 2045 3020 fieri
2099 2977 2282 3034 potest,
2335 2973 2376 3018 si

116 3048 176 3095 cx
212 3045 310 3089 'una
344 3055 592 3103 sexagena
633 3049 662 3092 2
704 3044 887 3094 efficias
926 3048 1083 3107 signa.
1149 3047 1341 3095 Divisio
1380 3053 1545 3095 autem
1583 3051 1631 3095 et
1668 3046 1816 3095 series
1856 3047 2105 3108 signorum
2146 3043 2377 3107 procedat

116 3109 274 3163 adhuc
312 3117 543 3179 utsupra
582 3114 788 3180 desuper
826 3133 855 3166 a
882 3117 1051 3167 dextra
1091 3133 1259 3168 versus
1297 3120 1558 3169 sinistram.
1609 3118 1773 3180 Atque
1801 3118 1892 3166 hoc
1917 3124 2059 3180 pacto
2092 3117 2197 3179 jam
2223 3116 2375 3165 habes

46 3189 54 3253 l
116 3182 387 3244 zodiacum,
427 3201 516 3236 nec
553 3202 675 3251 opus
714 3191 787 3248 iis,
828 3205 952 3252 quae
978 3191 1070 3239 sub
1097 3187 1238 3240 titulo
1270 3190 1609 3252 „Constructio
1636 3188 1859 3240 zodiaci“
1901 3191 2140 3254 praecepi.

51 3263 53 3268 '
289 3257 457 3325 Tertio
497 3258 611 3319 dixi,
652 3262 842 3310 rotulae
881 3271 1098 3311 centrum
1137 3279 1244 3312 esse
1284 3262 1671 3322 custodiendum,
1713 3262 1892 3311 relictis
1936 3267 1998 3311 12
2042 3261 2119 3310 vel
2162 3268 2189 3310 6
2232 3260 2310 3311 vel
2346 3267 2375 3311 4

119 3328 379 3380 brachiolis
417 3347 447 3380 a
486 3340 650 3381 centro
699 3333 761 3381 ad
809 3328 1242 3385 circumferentiam
1282 3335 1618 3395 tendentibus,
1667 3335 1901 3398 reliquam
1942 3336 2192 3383 materiam
2233 3349 2376 3383 exse-

54 3437 59 3469 ἕ
119 3401 336 3453 eandam.
403 3404 460 3452 Id
497 3411 687 3464 autem,
735 3406 874 3468 cujus
915 3422 1064 3456 causa
1101 3408 1195 3455 hoc
1233 3410 1470 3471 praecepi,
1512 3409 1558 3454 in
1599 3406 1796 3456 metallo
1837 3406 1989 3455 multo
2028 3409 2206 3456 rectius
2246 3409 2376 3456 obti-

58 3472 62 3542 ᾐ
119 3478 220 3525 neri
261 3484 438 3540 potest,
478 3478 518 3524 si
548 3491 632 3540 pro
661 3477 860 3526 totidem
890 3479 1149 3527 brachiolis
1173 3494 1313 3527 arcus
1353 3479 1470 3527 fiant
1509 3493 1607 3527 uno
1646 3493 1888 3537 mucrone,
1931 3480 2012 3541 qui
2042 3482 2190 3528 centri
2222 3483 2374 3531 vicem

59 3547 66 3621 ξ
120 3555 271 3612 gerat,
314 3547 538 3596 deorsum
580 3555 809 3611 vergente
848 3553 1109 3611 commissi,
1156 3553 1226 3599 sic
1264 3558 1317 3599 ut
1353 3551 1475 3600 hacc
1513 3551 1818 3600 brachiorum
1858 3552 1963 3601 sive
2001 3566 2199 3601 arcuum
2239 3568 2374 3602 com-

61 3628 66 3643 '
120 3621 328 3669 missura
379 3628 704 3683 repraesentet
740 3622 942 3670 sormam
983 3623 1087 3670 lilii.
1165 3620 1275 3671 Hoc
1313 3624 1439 3671 enim
1481 3623 1607 3672 sacto
1648 3630 1696 3672 et
1734 3624 1892 3673 rotula
1938 3621 1998 3673 ad
2047 3629 2375 3677 extremitates

121 3691 427 3742 brachiorum
467 3695 699 3741 concinne
736 3694 897 3752 affixa,
936 3694 1123 3757 reliqua
1161 3695 1348 3744 rotulae
1387 3699 1589 3745 materia
1629 3699 1783 3744 omnis
1824 3696 2039 3746 exscindi
2080 3706 2253 3762 potest.

295 3765 470 3812 Porro*
486 3760 533 3813 in
571 3767 776 3814 materia
815 3767 1063 3816 metallina
1090 3767 1341 3816 commode
1381 3770 1525 3818 etiam
1555 3770 1623 3816 uti
1653 3771 1831 3832 poteris
1858 3770 2026 3833 regula
2054 3771 2221 3831 ferrea,
2265 3788 2374 3822 cum

124 3837 175 3887 in
221 3839 425 3887 materia
483 3852 759 3904 papyracea
807 3840 895 3887 tibi
946 3839 1078 3891 filum
1131 3840 1415 3892 suffecisset.
1492 3840 1731 3905 Regulam
1781 3842 1906 3896 hanc
1956 3850 2147 3910 oportet
2192 3845 2372 3899 habere
