2652 4088
1002 176 1082 222 111.
1114 147 1442 235 Aaronomica.
2237 168 2342 227 289

23 326 39 340 ⁵
97 320 347 382 scripsisse
394 320 656 370 solstitium
705 327 910 372 octavae
958 325 1084 385 parti
1124 325 1313 374 Cancri.
1391 323 1672 372 Contrarias
1721 324 1796 369 est
1845 319 1939 367 sibi
1975 320 2069 382 ipsi
2107 317 2340 382 Scaliger,

98 406 206 440 cum
245 392 555 443 affirmaverit
591 397 641 442 in
679 396 1022 458 superioribuS,
1064 400 1216 446 serius
1257 397 1468 446 divisum
1507 410 1614 444 esse
1651 392 1906 442 zodiacum
1945 394 1992 438 in
2030 397 2194 454 partes
2222 396 2343 452 360,

98 466 188 529 etsi
227 466 439 528 quidem¹
462 468 655 516 Thaleti
692 470 917 518 tribuitur
955 476 1003 518 et
1039 470 1160 531 hoc,
1219 470 1347 519 Solis
1386 466 1711 531 magnitudini
1747 466 1967 514 lunarem
2006 466 2170 514 orbem
2208 478 2343 513 com-

11 553 15 559 ·
92 544 317 599 paratum
346 544 538 588 720¹¹¹⁵¹¹¹
575 542 726 604 ipsius
762 548 949 606 partem
988 557 1123 603 esse3
1175 558 1233 593 ex
1271 557 1367 605 quo
1409 543 1517 604 quis
1558 540 1786 603 colligere
1823 539 2002 601 possit,
2038 537 2141 599 jam
2182 539 2343 586 tritam

95 611 188 671 ipsi
226 611 375 659 fuisse
414 613 702 663 divisionem
741 615 928 663 zodiaci
966 617 1014 662 in
1056 621 1187 675 360,
1239 625 1292 663 ut
1330 630 1424 663 non
1470 613 1682 681 „Solis“,
1724 611 1810 660 sed
1852 607 2105 678 „zodiaci“
2147 613 2343 673 magni-

94 682 249 730 tudini
298 684 556 747 legendum
602 689 680 735 sit.
756 688 940 738 Verum
983 703 1091 737 non·
1129 696 1203 737 est
1251 689 1491 747 insolenS,
1545 687 1791 735 veteribus
1829 684 2103 732 adscribere
2143 685 2344 732 inventa

27 816 29 820 ι
92 758 437 820 recentiorum3
476 761 654 808 fatetur
693 760 740 808 id
766 761 1012 824 Diogenes
1052 764 1179 810 circa
1204 761 1519 824 astrologiam
1548 761 1810 818 nauticam,
1851 756 1983 820 quod
2007 756 2163 806 Phoci
2191 756 2343 806 Samii

14 858 27 869 ·.
92 828 250 876 fuerit.
331 831 389 878 Et
427 835 468 878 si
506 832 725 882 Thaletis
765 842 838 882 est
876 836 969 883 hoc
1010 837 1280 899 inventum,
1321 849 1403 882 cur
1443 832 1767 890 Arista1·chuS‚
1814 837 1862 878 et
1898 833 2004 892 ipse
2043 832 2254 892 sapiens,
2294 828 2345 876 id

12 896 33 947 *5
91 915 178 962 pro
216 916 305 950 suo
339 904 518 964 jactat,
566 920 654 954 nec
693 908 825 968 prius
866 923 1014 970 quam
1053 908 1454 967 demonstrasset,
1506 911 1557 952 ut
1597 919 1656 952 cx
1695 903 1986 951 Archimede
2035 909 2225 951 constat
2263 900 2343 968 (de

93 975 284 1023 Arenae
310 978 547 1040 numero),
589 993 671 1026 cur
695 979 939 1040 TimaeuS,
980 995 1062 1028 cur
1091 983 1267 1029 Aratus
1293 979 1454 1028 adhuc
1490 980 1540 1024 in
1570 983 1598 1026 6
1629 976 1866 1035 dividunt,
1907 975 2139 1024 Eudoxus
2164 978 2212 1022 in
2241 974 2343 1025 60?

265 1048 627 1099 Anaximander
679 1052 945 1114 discipulus
995 1055 1087 1101 suit
1136 1053 1382 1111 ThaletiS,
1433 1052 1552 1100 obiit
1602 1048 1751 1112 paulo
1800 1053 1912 1110 post
1955 1047 2089 1095 illum
2143 1054 2344 1111 septua-

91 1121 292 1181 genario
331 1123 536 1171 vicinus.
613 1125 732 1186 Ejus
772 1128 867 1173 ista
907 1128 1144 1174 feruntur:
1197 1129 1404 1188 primum
1455 1126 1701 1171 invenisse
1747 1135 2039 1184 gnomonem
2086 1123 2343 1185 ipsumque

2 1211 5 1232 =
92 1195 321 1241 statuisse
359 1194 727 1246 Lacedaemone
768 1200 814 1244 in
855 1199 963 1246 loco
1003 1199 1178 1248 idoneo
1218 1197 1489 1261 captandae
1528 1197 1727 1244 umbrae
1768 1193 1862 1258 (ἐπι
1899 1212 1995 1243 των
2032 1195 2344 1262 σκιαθηρων),

93 1279 190 1327 qno
239 1271 581 1317 conversiones
629 1277 677 1318 et
726 1274 1038 1333 aequinoctia
1083 1277 1301 1332 notaret3
1365 1266 1639 1335 ὡροσκοπια
1686 1281 1880 1330 quoque
1939 1267 2204 1317 fabricatus
2255 1275 2344 1318 cst.

8 1399 9 1403 Ἰ
93 1338 216 1386 Ecce
257 1339 563 1404 disciplinam
602 1344 848 1404 Thaletis,
900 1359 1012 1392 nam
1063 1345 1139 1392 his
1191 1346 1310 1407 ipsis
1348 1342 1523 1391 medsss
1571 1344 1709 1403 argui
1759 1346 1950 1404 poterat
1989 1341 2177 1389 initium
2215 1345 2344 1403 anni,

8 1406 11 1446 ἲ
92 1410 237 1473 longe
274 1418 595 1475 praeveniens
622 1419 767 1465 civile
807 1420 1012 1465 initium.
1065 1417 1286 1476 Additur,
1327 1415 1459 1479 quod
1498 1416 1680 1477 primus
1719 1419 1890 1474 terrae,
1932 1415 2079 1462 maris
2118 1417 2347 1463 circuitus

12 1539 16 1552 ἱ
94 1483 426 1548 descripserit,
480 1495 657 1537 terram
704 1491 959 1552 globosam
1001 1498 1049 1539 et
1085 1490 1344 1539 rotundam
1385 1503 1490 1537 esse
1530 1488 1753 1536 statuerit
1791 1494 1839 1535 et
1877 1486 2049 1536 durare
2097 1489 2145 1534 in
2182 1488 2346 1537 medio

39 1603 42 1606 Δ
95 1557 221 1617 loce,
262 1562 412 1607 centri
451 1563 603 1610 instar
641 1567 982 1625 constitutam3
1022 1566 1189 1626 itaque
1227 1564 1484 1625 sphaeram
1523 1562 1721 1623 insuper
1759 1562 2095 1609 construxerit.
2159 1561 2347 1610 Plinius

93 1629 231 1678 addit
270 1633 609 1695 obliquitatem
648 1638 861 1698 signiferi
903 1638 1168 1695 detexisse,
1215 1636 1266 1683 h.
1306 1651 1345 1687 e.
1382 1649 1542 1684 rerum
1593 1634 1723 1681 foras
1762 1634 2037 1696 aperuisse,
2089 1634 2347 1697 sphaeram

20 1727 22 1731 ‚
61 1704 246 1765 ,ipsam
285 1712 397 1754 ante
435 1708 600 1756 multis
641 1710 903 1758 Atlantem.
968 1710 1209 1772 Equidem
1238 1710 1484 1770 Diogenes
1523 1707 1779 1770 sphaeram
1818 1707 1986 1754 tribuit
2013 1706 2206 1756 Musaei
2243 1708 2345 1757 filio

21 1777 54 1845 ἶ
93 1776 360 1840 Eumolpo,
403 1783 487 1842 qui
524 1783 788 1831 secundum
831 1784 1096 1832 Eusebium
1134 1783 1258 1831 vixit
1308 1789 1420 1830 ante
1458 1780 1750 1838 Homerum,
1800 1781 1927 1827 sicut
1965 1779 2089 1828 Lino
2130 1781 2259 1830 Solis
2299 1787 2347 1830 et

24 1859 62 1910 ᾗ,
93 1848 263 1899 Lunae
303 1866 509 1915 cursum,
550 1862 598 1903 et
637 1858 924 1920 Aegyptios,
967 1859 1051 1917 ait,
1093 1862 1305 1904 statuere
1343 1854 1576 1902 mundum
1615 1853 1678 1901 ad
1705 1852 1941 1914 sphaerae
1980 1852 2345 1903 similitudinem

91 1923 369 1984 rotundum,
408 1933 619 1989 anteque
658 1932 791 1991 ipsos
828 1930 979 1978 fuisse
1019 1928 1295 1978 Chaldaeos
1335 1930 1462 1976 circa
1501 1928 1827 1974 astronomiae
1866 1928 2079 1976 rationes
2118 1927 2345 1991 praedic-

29 2019 32 2039 ·
93 1996 356 2058 tionesque
396 2009 689 2064 occupatos:
730 2009 784 2051 ut
822 2005 893 2050 ita
931 2003 1140 2065 sphaera
1178 2003 1430 2049 inventum
1469 2002 1532 2047 sit
1569 2000 1977 2062 antiquissimum.

32 2119 81 2134 .,
269 2069 559 2122 Mane-amus
611 2082 773 2124 tamen
826 2090 976 2138 penes
1029 2073 1470 2133 Anaximandrum3
1518 2079 1638 2130 esto,
1686 2073 1869 2134 primus
1921 2072 2177 2135 sphaeram
2224 2088 2345 2123 con-

34 2174 38 2214 -ῑ
93 2147 336 2199 struxerit,
378 2146 717 2209 obliquitatem
767 2149 956 2197 zodiaci
1008 2149 1316 2210 expresserit:
1367 2145 1581 2195 nondum
1629 2145 1723 2194 hoc
1770 2146 2029 2206 quicquam
2077 2146 2140 2194 ad
2177 2147 2346 2197 stellas

37 2255 40 2277 ‚
88 2213 233 2272 fixas.
295 2216 419 2265 Nam
447 2219 637 2268 Plinius
676 2224 859 2284 pergit:
900 2224 1040 2284 signa
1072 2220 1246 2269 deinde
1284 2222 1332 2267 in
1373 2235 1431 2268 ea
1459 2219 1758 2268 Cleostratus
1786 2216 1886 2281 (Ol.
1914 2216 2074 2283 LXI.)
2107 2226 2154 2267 et
2190 2222 2348 2283 prima

99 2287 276 2336 Arietis
316 2297 363 2338 et
388 2291 653 2355 Sagittarii.
716 2295 941 2342 Nondum
980 2296 1127 2357 igitur
1155 2299 1336 2342 certum
1375 2299 1447 2342 est
1486 2307 1543 2341 ac
1580 2306 1640 2340 ne
1680 2291 1875 2354 quidem
1915 2292 2191 2354 verisimile,
2230 2307 2351 2342 con-

96 2363 368 2411 versionem
406 2367 470 2414 ab
507 2367 869 2416 Anaximandro
909 2369 1139 2417 tributam
1180 2372 1383 2415 octavae
1422 2367 1548 2427 parti
1588 2365 1778 2425 Cancri.
1859 2364 1985 2414 Nam
2023 2365 2156 2428 quod
2193 2368 2349 2430 ipsam

0 2470 1 2488 l
48 2490 51 2494 ,
92 2430 352 2495 sphaeram
396 2441 596 2498 attinet,
652 2456 746 2489 non
785 2443 946 2503 potuit
983 2441 1123 2489 aliter
1169 2440 1328 2488 facere
1368 2439 1474 2499 ille,
1528 2441 1644 2500 quin
1687 2436 1744 2486 Ο0
1769 2434 1836 2504 ὓ
1879 2437 2072 2488 doceret
2115 2445 2348 2502 punctum

47 2527 50 2546 ·
96 2518 202 2555 esse
227 2513 492 2573 tropicum,
533 2514 664 2575 quod
710 2529 824 2562 vero
863 2514 984 2562 fixas
1023 2520 1071 2562 et
1109 2515 1158 2560 in
1198 2514 1257 2561 iis
1299 2509 1356 2561 8⁰
1381 2508 1464 2578 ὓ,
1506 2518 1560 2559 ut
1597 2509 1882 2576 ἀκυρολογει
1918 2508 2151 2578 Scaliger,
2191 2512 2251 2562 de
2290 2527 2348 2562 eo

48 2594 52 2619 ε
97 2578 281 2628 nullum
321 2582 465 2645 plane
505 2587 706 2634 verbum
746 2593 903 2636 exstat
943 2593 990 2635 et
1027 2591 1233 2649 possunt
1270 2587 1501 2648 separari,
1541 2590 1595 2631 ut
1633 2590 1840 2642 constat.

53 2704 57 2727 ι
271 2655 336 2703 At
366 2665 592 2722 „exstant
630 2662 678 2706 in
717 2660 935 2723 reliquiis
976 2659 1167 2708 Eudoxi
1207 2666 1255 2707 et
1280 2658 1614 2706 Eratosthenis
1647 2657 1958 2706 testimonia“
2003 2656 2133 2719 quod
2162 2658 2348 2706 Anaxi-

53 2729 60 2791 }
99 2723 297 2775 mander
335 2734 549 2791 posuerit
586 2740 816 2795 punctum
857 2735 1092 2797 tropicum
1126 2735 1180 2792 ¹in
1222 2729 1279 2780 8⁰
1305 2729 1390 2798 ὓ
1467 2731 1679 2778 Primum
1719 2730 1778 2779 de
1816 2729 2032 2792 reliquiis
2069 2730 2166 2780 illis
2204 2731 2346 2780 fidem

60 2817 62 2827 =
101 2801 149 2844 ot
184 2802 387 2860 gratiam
435 2804 594 2854 habeo
634 2806 898 2869 Scaligero.
974 2807 1032 2854 In
1070 2806 1166 2854 illis
1214 2820 1329 2854 vero
1384 2804 1503 2852 nihil
1554 2804 1612 2852 de
1654 2802 2042 2864 Anaximandr03
2098 2804 2347 2867 proferunt

63 2881 272 2920 unomen
313 2874 503 2925 Eudoxi
544 2886 591 2928 et
629 2879 983 2932 Eratosthenis.
1059 2879 1250 2928 Deinde
1302 2886 1414 2927 sunt
1451 2877 1588 2938 illae,
1643 2877 1720 2926 vel
1760 2879 1866 2940 ipso
1905 2875 2152 2940 Scaligero
2207 2883 2345 2938 teste,

65 2951 69 2989 t
97 2939 303 3008 dubiae3
343 2952 539 3013 saepius
577 2954 703 3000 enim
733 2953 950 3016 Scaliger
988 2953 1099 3002 illas
1136 2952 1375 3017 repudiat,
1419 2966 1562 3013 quam
1589 2951 1774 3014 recipit.
1827 2949 1922 2997 Cur
1948 2964 2062 3011 ergo
2090 2950 2148 3000 de
2178 2948 2235 2999 8⁰
2260 2947 2345 3012 ρ,

52 3023 58 3048 ⁸
99 3027 183 3064 seu
232 3026 283 3067 ut
313 3020 416 3082 jam
454 3027 742 3075 necessitate
782 3026 985 3076 adactus
1035 3028 1293 3075 correctius
1332 3026 1465 3086 loqui
1506 3025 1697 3086 incipit,
1757 3023 1815 3071 de
1856 3021 1949 3070 20⁰
1988 3028 2099 3072 ante
2138 3023 2346 3071 Basilis-

70 3099 206 3137 leum
244 3096 534 3156 argutatur‘?
597 3097 724 3159 Quin
774 3102 960 3164 potius,
1011 3099 1142 3162 quod
1189 3102 1341 3162 primo
1391 3103 1493 3145 crat
1547 3095 1827 3156 dicendum,
1881 3094 2085 3143 traducti
2124 3102 2236 3144 sunt
2274 3095 2346 3144 illi

63 3225 65 3230 ,
101 3162 259 3214 circuli
302 3180 396 3216 non
436 3172 655 3234 praecise
693 3187 779 3236 per
816 3173 996 3233 stellas,
1037 3172 1121 3220 sed
1162 3187 1245 3235 per
1282 3171 1498 3218 membra
1525 3169 1799 3231 figurarum,
1842 3169 1886 3216 in
1913 3167 2062 3230 globo
2091 3171 2344 3233 pictarum.

76 3246 79 3275 ὲ
103 3232 443 3291 Examinemus
483 3243 593 3293 illas
632 3244 856 3307 equidem
897 3260 954 3294 ex
992 3245 1073 3293 filo
1111 3244 1362 3292 relationis
1402 3242 1651 3303 Scaligeri.

269 3311 343 3361 Sit
392 3317 547 3379 primo
599 3317 806 3366 circulus
857 3317 1228 3379 aequinoctialis
1284 3315 1631 3364 Eratosthenis,
1722 3314 1898 3376 Incipit
1955 3328 2063 3361 eum
2116 3313 2178 3361 ab
2218 3313 2343 3377 Equi

67 3374 255 3444 *eapite
293 3392 341 3434 et
379 3388 504 3438 collo
545 3390 773 3452 ducitque
812 3391 874 3439 ad
914 3390 1158 3454 Ophiuchi
1196 3403 1371 3450 genua.
1447 3386 1498 3435 Si
1539 3386 1707 3434 stellas
1759 3387 1958 3449 respicis
2006 3387 2162 3447 ipsaS,
2219 3401 2344 3450 quae

41 3456 290 3526 Σῑῐιοῐιπίῐια
329 3474 358 3509 a
396 3463 623 3511 membris
664 3465 879 3525 picturae
927 3469 1039 3510 sunt
1078 3462 1302 3520 sortitae,
1354 3473 1665 3521 nequaquam
1713 3464 1825 3506 sunt
1867 3460 1912 3504 in
1953 3458 2122 3507 eodem
2163 3459 2342 3508 circulo

74 3537 287 3590 *magna
364 3532 432 3582 At
469 3537 510 3584 si
550 3551 582 3582 a
617 3535 839 3596 genubus
878 3533 1120 3598 Ophiuchi
1162 3548 1330 3582 versus
1370 3532 1613 3593 Pegasum
1661 3530 1833 3590 ducas,
1890 3530 2094 3579 circulus
2147 3531 2343 3595 pulchre

79 3608 182 3663 iper
218 3611 364 3667 caput
402 3613 449 3654 et
487 3607 665 3657 collum
706 3609 886 3670 pictum
925 3607 1102 3669 Pegasi
1143 3606 1327 3654 transit.
1405 3603 1632 3666 Sequitur
1671 3602 1823 3652 Chcla
1862 3603 2009 3653 borea
2048 3610 2096 3653 et
2126 3604 2342 3668 Virginis

92 3682 197 3735 ipen,
235 3677 366 3738 picta
404 3679 633 3738 membra,
676 3685 789 3727 tune
830 3678 1026 3741 Hydrae
1066 3680 1227 3726 cornix
1269 3683 1316 3726 ct
1354 3675 1547 3733 Crater,
1588 3691 1673 3725 seu
1715 3675 1931 3726 Coronae
1972 3678 2181 3742 species,
2219 3678 2342 3727 Pro-

82 3741 264 3808 seyonis
306 3750 488 3812 imago,
529 3752 714 3800 humeri
756 3750 964 3811 Orionis,
1005 3765 1164 3814 genua
1202 3750 1366 3809 Tauri,
1406 3749 1548 3798 Aries
1588 3748 1794 3808 uredine,
1838 3749 2052 3813 intellige
2089 3752 2340 3815 imagines,

0 3807 17 3845 Ψ
87 3821 155 3880 ¹ct
183 3820 339 3870 cauda
379 3823 511 3872 borei
549 3824 704 3873 Piscis
743 3853 811 3859 ——
853 3826 1014 3872 omnia
1051 3823 1112 3872 ad
1155 3830 1334 3883 votum,
1374 3821 1505 3884 quod
1544 3821 1683 3871 facilc
1723 3823 1877 3872 cuivis
1916 3829 2076 3887 patet,
2117 3824 2195 3874 vel
2234 3825 2340 3873 solo

0 3868 19 3918 ὼ
90 3886 346 3947 horizonte
382 3897 517 3962 globi
555 3897 774 3946 hodierni
813 3899 883 3946 sic
920 3895 1190 3962 applicato,
1231 3904 1285 3946 ut
1316 3901 1557 3945 statuatur
1581 3895 1787 3958 sphaera
1825 3897 1871 3944 in
1911 3896 1995 3946 alt.
2035 3897 2138 3961 poli
2166 3895 2258 3947 770
2295 3904 2342 3947 et

92 4024 96 4031 ι
185 3978 340 4023 Kepleri
364 3980 490 4025 opera
512 3980 618 4017 vui.
1943 3981 1994 4025 19
