2652 4088
276 177 383 235 240
871 171 1159 220 Collectanea
1189 183 1247 217 ex
1277 170 1506 218 codicibus
1535 138 1925 221 Pulkoviensibus.

274 324 519 377 sensibilis
558 329 648 373 est.
712 322 780 372 At
817 329 871 372 ut
907 323 997 372 FK
1035 322 1097 371 ad
1135 322 1228 370 ΒΚ
1265 323 1336 371 sic
1372 328 1562 387 tempus
1601 324 1735 374 ΚΟΖ
1775 324 2015 373 mediocre
2053 323 2116 373 ad
2153 325 2368 374 tardum=
2408 342 2520 391 ergo

277 408 329 447 ut
367 413 525 447 areae.
602 397 846 459 Aequalia
883 405 1044 445 autem
1083 395 1251 443 addita
1290 398 1506 445 terminis
1545 401 1844 446 constituunt
1881 400 2237 460 proportionem
2275 401 2524 460 minorem,

276 480 323 522 et
362 473 515 533 magis
553 478 766 532 aequant
804 472 1047 518 terminos,
1111 468 1316 516 Planum
1354 469 1492 517 KFD
1531 473 1594 519 sit
1635 475 1989 520 5000000000
2019 477 2067 520 et
2092 471 2176 519 FB
2205 478 2368 533 2041,
2409 487 2522 535 ergo

273 545 472 607 planum
510 543 641 590 FBD
687 548 1030 602 1020500003
1085 542 1289 590 circulus
1340 557 1455 590 vero
1506 544 1568 592 ad
1625 543 1912 606 quadratum
1963 550 2037 592 est
2076 551 2127 591 ut
2169 550 2272 593 11:
2308 551 2398 604 14,
2445 546 2526 594 hic

273 633 444 679 nempe
483 616 778 678 praecisione
815 629 908 662 non
950 629 1071 678 opus
1111 621 1207 674 est,
1249 630 1357 662 cum
1395 615 1520 665 idem
1561 620 1782 679 utrinque
1822 615 2044 664 addatur.
2118 617 2321 666 Interior
2362 626 2525 667 autem

272 699 345 739 est
383 691 628 738 exterioris
668 689 932 747 dimidium,
974 701 1087 749 ergo
1128 696 1179 735 ut
1222 693 1247 735 7
1278 688 1340 735 ad
1372 693 1432 737 11
1475 691 1546 738 sic
1585 705 1698 738 area
1720 689 1859 736 KDF
1889 689 1952 737 ad
1979 689 2171 738 KZDF.
2230 691 2381 739 Porro
2411 700 2463 738 ut
2493 697 2518 739 7

274 763 335 812 ad
365 767 716 812 5000000000
748 764 817 810 sic
849 767 906 809 11
934 761 996 809 ad
1025 765 1403 820 7857142857,
1434 762 1557 812 adde
1582 767 1916 823 102050000,
1939 778 2126 810 summa
2150 766 2524 813 7959192857.

275 837 402 898 Ergo
453 843 505 883 ut
558 835 739 882 BDZK
789 835 850 882 ad
887 834 1032 882 KHD
1087 833 1164 880 vel
1218 834 1281 881 ad
1337 849 1500 882 aream
1551 837 1861 896 semicirculi,
1932 838 2002 884 sic
2061 843 2251 898 tempus
2309 836 2525 884 debitum

274 909 335 957 ad
380 913 502 967 180,
556 907 634 956 vel
680 913 734 955 ut
780 907 1024 970 quadrans
1072 905 1136 955 ad
1177 911 1260 955 90.
1335 907 1412 956 lta
1459 917 1770 971 quaereretur
1821 907 2018 958 taudem
2067 910 2204 957 valor
2241 911 2322 970 Δ
2361 909 2523 972 DBF3

279 982 613 1031 102050000.
640 986 704 1029 90
732 1044 790 1051 ψ
821 1020 876 1072 1⁰
904 1026 987 1072 10,
1009 1023 1075 1072 9⁰

279 1073 630 1119 7857142857

448 1142 543 1189 Res
569 1144 675 1204 ipsa
704 1139 986 1203 planissima
1013 1147 1100 1199 est,
1130 1147 1390 1203 quaeratur
1415 1141 1560 1190 modo
1588 1141 1947 1193 demonstratio,
1995 1140 2258 1190 Methodus
2285 1140 2419 1189 talis:
2448 1139 2526 1190 Ad

277 1215 570 1265 anomaliam
611 1222 928 1276 coaequatam
968 1228 1051 1276 per
1090 1216 1303 1276 integros
1342 1215 1517 1277 gradus
1542 1217 1758 1278 singulos
1787 1217 1892 1278 ejus
1920 1218 2272 1263 constituantur
2298 1214 2526 1278 prostha-

276 1290 534 1353 phaereses
575 1295 623 1336 et
660 1287 904 1337 anomalia
942 1289 1150 1335 eccentri
1188 1302 1273 1349 per
1309 1289 1704 1349 subtractionem,
1746 1298 1792 1337 et
1819 1289 2092 1336 distantiae.
2155 1288 2379 1337 Secundo
2406 1302 2525 1336 con-

275 1365 502 1411 stituatur
548 1376 661 1410 area
701 1360 980 1424 quadrantis
1019 1363 1066 1407 in
1109 1360 1357 1422 quadratis
1394 1362 1671 1423 particulis,
1725 1362 1942 1424 qualium
1979 1361 2142 1409 radius
2182 1370 2254 1410 est
2297 1366 2524 1410 100000.

277 1436 442 1484 Tertio
495 1437 652 1483 sinum
701 1435 1007 1497 aequationis
1068 1434 1339 1496 multiplica
1385 1435 1433 1480 in
1494 1437 1583 1486 sin.
1637 1435 1813 1498 compl.
1865 1437 2171 1497 aequationis
2224 1435 2526 1497 productum,

278 1510 397 1557 nihil
439 1510 661 1571 abjectO,
717 1507 880 1555 divide
919 1509 966 1553 in
1009 1506 1129 1554 duas
1168 1515 1331 1570 partes
1371 1508 1431 1555 ad
1470 1511 1830 1571 proportionem
1877 1512 2129 1571 utriusque
2166 1509 2426 1556 distantiae
2466 1522 2524 1555 ex

279 1584 517 1646 oppositis
559 1597 617 1630 ex
644 1580 773 1640 Sole,
814 1581 966 1628 habes
1008 1581 1221 1629 valorem
1262 1581 1512 1643 utriusque
1542 1583 1779 1644 ¹trianguli
1807 1584 1853 1628 in
1880 1581 2095 1644 planitie.
2162 1580 2345 1643 Quarto
2373 1583 2525 1629 trian-

279 1658 395 1719 gula
436 1655 704 1717 multiplica
742 1668 826 1716 per
867 1658 931 1702 90
975 1653 1053 1702 vel
1095 1653 1125 1722 ἑ
1166 1656 1395 1716 temporis
1436 1660 1482 1702 et
1521 1653 1685 1704 divide
1723 1670 1808 1718 per
1846 1655 2062 1703 valorem
2104 1655 2409 1717 quadrantis3
2457 1655 2527 1702 sic

274 1730 478 1778 habebis
517 1736 701 1791 partem
742 1729 1048 1789 aequationis
1075 1727 1321 1790 physicae.
1395 1727 1544 1776 Porro
1585 1727 1711 1776 idem
1764 1736 1837 1777 est
1884 1730 1989 1777 sive
2042 1728 2333 1790 multiplices
2369 1729 2527 1775 sinum

276 1805 323 1851 in
362 1806 519 1851 sinum
561 1800 764 1863 compL,
805 1803 909 1847 sive
950 1803 996 1846 in
1035 1809 1190 1848 totum
1231 1808 1278 1848 et
1319 1815 1510 1848 versum
1550 1808 1597 1850 et
1635 1801 1728 1850 hoc
1765 1802 2052 1864 productum
2091 1803 2153 1849 ab
2196 1802 2278 1849 illo
2319 1802 2526 1849 auferas.

449 1875 573 1923 Cum
612 1884 774 1922 autem
815 1875 862 1919 in
902 1875 1147 1922 anomalia
1187 1877 1392 1922 eccentri
1422 1879 1486 1922 90
1527 1875 1734 1937 angulus
1768 1883 1865 1923 tam
1894 1877 2108 1938 praecise
2136 1877 2360 1923 metiatur
2386 1888 2526 1921 suum
2620 1883 2623 1887 ’

275 1948 594 2011 triangulum,
649 1949 797 1995 subiit
848 1950 1084 2006 animum,
1136 1961 1198 1994 an
1249 1961 1346 1995 non
1395 1948 1522 1995 idem
1563 1955 1611 1995 et
1648 1949 1766 1996 alibi
1814 1949 1914 1996 fiat.
1990 1948 2204 1995 Primum
2244 1948 2416 1995 falsum
2455 1954 2528 1995 est

276 2024 458 2081 metiri,
515 2020 645 2084 quod
692 2023 762 2068 sic
810 2021 987 2082 probo:
1039 2020 1214 2068 Centro
1254 2021 1300 2068 D
1342 2020 1598 2069 intervallo
1639 2021 1726 2069 DF
1766 2022 1971 2071 circulus
2010 2023 2269 2080 scribatur,
2316 2022 2399 2083 qui
2436 2019 2526 2067 DB

276 2097 462 2144 secabit
501 2098 625 2143 intra
664 2094 721 2144 Β.
786 2093 1105 2155 Triangulum
1146 2107 1260 2156 ergo
1298 2093 1456 2156 majus
1498 2102 1571 2143 est
1610 2103 1811 2154 sectore,
1851 2096 2006 2157 major
2044 2110 2158 2157 ergo
2197 2108 2308 2157 pars
2342 2107 2528 2155 aequa-

279 2171 426 2217 tionis
454 2169 671 2233 physica,
714 2167 798 2215 sed
828 2169 1003 2229 exiguo
1031 2165 1210 2229 (posito
1248 2177 1433 2215 motum
1471 2170 1824 2231 proportionari
1853 2166 2140 2234 triangulis).
2205 2167 2301 2216 Sed
2339 2176 2528 2214 utrum-

279 2257 372 2306 que
413 2243 707 2304 triangulum
743 2242 965 2304 junctum
1006 2244 1163 2289 minus
1202 2241 1348 2289 el'ficit
1387 2242 1446 2290 de
1485 2256 1620 2302 area,
1663 2256 1809 2304 quam
1846 2248 2048 2304 utraque
2083 2240 2529 2304 prostliaphaeresis

274 2317 471 2379 juncta3
513 2317 660 2378 idque
702 2319 748 2361 in
790 2315 1014 2362 omnibus
1053 2314 1190 2365 locis,
1239 2314 1401 2380 (Vide,
1442 2329 1502 2363 an
1542 2315 1664 2364 haec
1701 2317 1760 2362 iis
1801 2317 2120 2375 consentiant,
2163 2329 2288 2378 quae
2322 2314 2425 2373 jam
2451 2314 2528 2359 in-

282 2397 429 2438 venta
467 2390 614 2454 sunt.)
690 2387 904 2450 Longior
941 2402 1075 2435 mora
1113 2389 1203 2435 suit
1242 2391 1288 2434 in
1329 2388 1563 2437 diametro
1602 2388 1840 2451 apsidum.
1918 2388 2014 2436 Hic
2065 2403 2171 2437 cum
2213 2389 2376 2436 omnia
2414 2387 2530 2435 bina
2613 2414 2617 2422 «

276 2463 521 2525 triangula
571 2465 666 2510 sint
704 2463 888 2509 minora
938 2461 1063 2509 binis
1103 2462 1395 2521 sectoribus,
1447 2476 1598 2525 prope
1645 2476 1918 2525 apogaeum
1958 2468 2005 2511 et
2055 2464 2334 2525 perigaeum
2374 2461 2529 2508 minor
2611 2503 2617 2511 .

277 2543 350 2585 est
388 2534 675 2585 differentia?
738 2535 802 2582 At
841 2549 947 2582 cum
990 2542 1177 2582 tantum
1218 2534 1424 2583 addatur
1462 2537 1665 2598 tempori
1695 2543 1927 2597 quantum
1953 2542 2026 2584 est
2052 2535 2363 2597 triangulum,
2404 2534 2530 2582 circa

276 2624 549 2672 apogaeum
587 2623 756 2672 parum
797 2607 1078 2667 addebatur,
1120 2610 1246 2656 circa
1285 2608 1636 2670 longitudinem
1674 2608 1883 2657 mediam
1922 2608 2125 2656 multum
2165 2608 2375 2656 additur.
2435 2605 2528 2654 Vi-

278 2683 416 2731 detur
454 2698 528 2731 res
568 2685 615 2729 in
656 2683 944 2730 contrarium
987 2679 1186 2729 cadere:
1237 2680 1322 2729 sed
1374 2696 1469 2729 non
1511 2690 1598 2730 est.
1675 2682 1952 2743 Augmenta
2004 2684 2130 2730 enim
2178 2679 2528 2743 triangulorum
2609 2719 2616 2723 .

280 2756 410 2819 apud
450 2756 647 2819 spsidas
685 2760 797 2802 sunt
836 2753 1034 2815 celeria,
1087 2753 1218 2816 apud
1267 2753 1595 2816 longitudines
1642 2755 1827 2803 medias
1874 2754 2026 2803 tarda.
2103 2755 2312 2803 Multum
2361 2755 2526 2815 itaque

282 2831 451 2878 crescit
490 2830 624 2878 mora
661 2830 708 2874 in
749 2841 987 2889 apogan.
1065 2826 1237 2889 Itaque
1286 2828 1444 2876 adbuc
1484 2830 1793 2876 consentiunt
1839 2829 1948 2875 ista.
2025 2827 2122 2876 Sed
2160 2829 2271 2876 hinc
2309 2827 2526 2886 efficitur,

279 2917 374 2950 non
426 2917 570 2966 posse
622 2901 854 2963 duplicari
906 2902 1248 2962 aequationes,
1308 2903 1375 2948 uti
1430 2908 1733 2964 putaveram.
1819 2901 1939 2949 Fere
1989 2908 2150 2949 tamen
2197 2900 2526 2963 duplicantur3

285 2977 572 3039 quantulum
623 2979 747 3024 enim
795 2975 994 3021 interest
1041 2974 1161 3021 inter
1204 2978 1412 3022 183250
1463 2977 1621 3021 sinum
1671 2981 1719 3022 et
1771 2978 1978 3022 183279
2032 2983 2164 3038 tang.
2219 2973 2527 3036 aequationis

277 3051 448 3098 solaris
488 3049 565 3115 (1υ
593 3048 677 3112 3⁴).
740 3048 800 3095 Et
837 3055 997 3094 tamen
1037 3054 1295 3109 utrumque
1335 3049 1382 3094 in
1423 3054 1575 3095 totum
1604 3046 1978 3109 multiplicatum
2015 3050 2185 3112 recipit
2222 3047 2527 3110 aequationis

280 3126 598 3186 quantitatem
645 3125 692 3168 in
745 3119 973 3169 medium.
1050 3120 1125 3168 Sit
1175 3121 1338 3168 radius
1391 3125 1695 3183 10000000,
1749 3135 1865 3170 area
1916 3122 2061 3185 igitur
2112 3121 2277 3172 circuli
2329 3122 2419 3170 erit
2468 3133 2528 3168 ex

279 3197 338 3245 A.
378 3195 600 3245 Romano
643 3194 1218 3244 3141592653600000
1260 3193 1423 3243 divide

350 3284 436 3333 per
476 3275 567 3319 36:
790 3272 1221 3328 872664626000

354 3343 623 3391 Dimidium
825 3346 1219 3390 43633231300
1260 3347 1419 3389 sector
1458 3346 1486 3390 3
1528 3354 1620 3392 scr.

789 3433 1220 3479 916297857300
1259 3437 1418 3478 sector
1459 3425 1514 3478 1⁰
1552 3431 1603 3478 3¹

352 3501 549 3566 Triang.
788 3508 998 3552 916395

932 3592 1050 3641 972.
1127 3587 1222 3640 Hic
1259 3592 1342 3639 vix
1382 3591 1430 3638 in
1456 3589 1608 3639 tertiis
1637 3588 1906 3652 discrimen,
1947 3595 1994 3640 el
2019 3595 2181 3639 tamen
2207 3590 2286 3640 hic
2313 3590 2525 3640 omnium

283 3666 559 3715 maximum.
635 3665 757 3714 Cum
794 3679 908 3728 ergo
947 3671 1000 3714 ut
1039 3663 1283 3728 quadrans
1322 3663 1384 3713 ad
1435 3662 1727 3726 triangulum
1778 3666 1848 3713 sic
1891 3666 2131 3713 restitutio
2171 3663 2234 3713 ad
2271 3667 2526 3727 aequatio-

284 3751 393 3786 nem
432 3738 697 3802 physicam,
739 3745 787 3787 et
835 3753 951 3787 vero
990 3744 1044 3786 ut
1092 3736 1335 3800 quadrans
1374 3735 1436 3785 ad
1474 3743 1734 3798 sectorem,
1786 3739 1857 3787 sic
1893 3739 1991 3789 fere
2030 3743 2079 3788 et
2115 3736 2178 3787 ad
2216 3738 2524 3802 triangulum,

287 3809 507 3873 aequalis
547 3827 661 3875 ergo
699 3814 929 3876 aequatio
967 3810 1174 3877 physica
1211 3812 1387 3860 sectori
1423 3809 1787 3874 propemodum.
