2652 4088
23 99 34 131 Ι

891 174 947 220 Π.
976 172 1206 220 Historiea
1236 177 1282 220 et
1310 171 1606 231 Philologica.
2271 171 2378 228 219

130 326 415 387 rationibuS,
457 339 583 389 quae
620 324 924 388 responsioni
963 323 1257 384 sufficerent,
1297 338 1563 388 ponamuS,
1604 338 1714 374 eum
1753 323 1902 373 fuisse
1936 322 2232 387 jubilaeum,
2272 337 2380 372 cum

131 401 405 463 Buntingus
444 415 487 449 a.
532 403 670 448 3360
710 396 877 446 mundi
915 397 1255 446 sabbatbicum
1291 404 1459 461 ponat,

611 481 726 528 3360
753 508 791 514 -
813 481 900 527 490
923 499 980 518 =
1003 479 1118 525 2870

563 497 606 629 <
998 538 1113 583 2380
1134 537 1296 595 -1-196
1330 555 1383 579 =
1409 539 1523 586 2576
1543 564 1592 570 -
1610 538 1666 584 49
1689 555 1745 575 =
1765 502 1943 642 3233)

134 675 417 724 Differentia
468 680 541 723 est
591 688 825 723 annorum
876 679 941 723 22
983 680 1067 722 aut
1120 679 1202 724 27.
1289 674 1588 723 Accederent
1635 676 1772 722 annis
1825 675 1927 724 480
1978 675 2089 722 anni
2143 679 2208 723 22
2261 675 2386 723 inter

135 749 425 807 Simsonem‚
466 747 542 795 Eli
583 753 630 796 et
667 746 926 808 Davidem,
967 749 1064 795 imo
1103 748 1226 796 inter
1264 747 1406 795 finem
1445 749 1692 795 servitutis
1719 747 2017 796 Philistaeae
2059 753 2106 796 et
2144 747 2386 796 Davidem

133 836 323 883 regem3
363 827 508 869 antea
548 827 684 868 erant
725 825 808 881 26,
843 820 947 882 jam
987 825 1068 869 48.
1108 820 1380 869 Mutamus,
1457 819 1583 881 Quin
1623 823 1786 882 potius
1828 820 2057 881 dicemuS,
2099 820 2229 883 quod
2271 820 2386 869 oiim

135 895 251 959 dixi,
289 901 374 942 aut
405 894 508 956 jam
548 895 646 940 sic:
688 892 962 942 admonitos
1000 908 1126 941 anno
1167 893 1453 942 sabbathico
1494 892 1762 941 celebrasse
1785 893 2074 954 jubilaeum.
2130 890 2231 956 Ipsi
2260 896 2387 942 enim

134 982 229 1015 non
268 973 491 1029 poterant
529 968 648 1013 inire
688 981 924 1014 summam
964 981 1215 1027 annorum,
1257 965 1386 1028 quod
1426 967 1699 1028 potuissent
1736 965 1989 1027 facillime,
2040 968 2078 1014 si
2120 969 2389 1016 tenuissent

133 1042 368 1088 rationem
402 1039 624 1101 Jubilaei.
704 1040 804 1087 Aut
842 1041 936 1087 sic:
971 1040 1179 1101 jurasse,
1220 1045 1273 1087 ut
1312 1053 1369 1087 eo
1409 1053 1536 1087 anno
1578 1038 1784 1101 quilibet
1822 1054 1879 1088 ex
1918 1041 2071 1087 servis
2112 1054 2223 1101 eOS,
2266 1054 2387 1103 quos

136 1116 443 1176 septennium
482 1119 583 1160 tum
623 1117 859 1172 tenuerat,
898 1114 1272 1160 manumitteret.

308 1185 418 1234 Hoc
452 1184 716 1234 Maestlino
745 1185 939 1247 objicio,
991 1184 1208 1247 Hophni,
1248 1184 1460 1232 Phineas
1500 1191 1549 1232 et
1573 1189 1710 1247 pater
1746 1183 1821 1232 Eli
1848 1185 2024 1233 mortui
2064 1191 2174 1233 sunt
2211 1200 2387 1234 secun-

136 1259 248 1308 dum
287 1275 364 1309 me
403 1273 529 1307 anno
571 1263 690 1318 391,
732 1257 851 1306 Saul
892 1259 1081 1306 occisus
1122 1272 1249 1306 anuo
1293 1263 1423 1307 437:
1472 1258 1569 1306 diff.
1613 1263 1696 1306 46.
1774 1257 1891 1306 Esto
1932 1264 1985 1305 ut
2023 1259 2162 1307 annis
2205 1260 2233 1307 6
2275 1265 2388 1308 ante

135 1339 337 1381 mortem
377 1332 511 1381 Sauli
551 1330 802 1379 Jonathan
841 1331 985 1380 fuerit
1024 1333 1482 1379 excommunicatus.
1525 1331 1594 1394 (1.
1635 1330 1765 1379 Sam.
1811 1332 1945 1392 14.);
1996 1333 2118 1379 vixit
2155 1332 2302 1393 igitur
2340 1334 2388 1379 in

135 1406 407 1455 sacerdotio
447 1405 576 1453 Abia
627 1405 832 1467 ejusque
883 1405 1016 1452 fratri
1057 1403 1372 1453 Abimelecho
1422 1409 1565 1452 natus
1619 1409 1722 1452 erat
1764 1403 1868 1465 jam
1921 1404 2182 1465 Abiathar,
2235 1420 2390 1454 annos

135 1485 279 1527 natus
319 1494 362 1528 c.
406 1485 488 1527 16.
550 1477 726 1540 Itaque
763 1482 1004 1525 mortuum
1043 1476 1173 1525 hunc
1211 1483 1402 1540 oportet
1430 1476 1713 1526 Abimelech
1755 1478 2253 1527 excommunicatione
2282 1479 2389 1539 Dei,

137 1552 267 1615 quod
305 1552 451 1614 hujus
500 1552 664 1613 stirpis
711 1564 854 1599 nemo
908 1553 970 1598 sit
1021 1550 1083 1599 ad
1123 1556 1362 1598 maturam
1414 1556 1645 1598 aetatem,
1676 1555 1924 1598 venturus.
2004 1551 2133 1600 Ahia
2172 1566 2289 1600 vero
2329 1554 2392 1600 sit

135 1641 369 1674 annorum
410 1639 450 1673 c.
494 1629 590 1685 25,
647 1629 699 1672 ut
739 1625 1068 1686 quinquennio
1108 1631 1219 1672 ante
1258 1630 1460 1672 mortem
1500 1625 1651 1686 patris
1692 1625 1755 1672 sit
1793 1629 1951 1675 natus,
2026 1624 2166 1673 Haec
2205 1639 2390 1674 conve-

137 1701 291 1746 niunt.
369 1698 434 1745 At
472 1712 566 1746 non
608 1700 678 1746 sic
716 1696 995 1745 MaestlinO.
1058 1697 1108 1745 Is
1147 1696 1297 1745 habet
1335 1712 1365 1745 a
1404 1703 1558 1745 morte
1598 1697 1674 1744 Eli
1712 1698 1919 1760 primum
1961 1711 2114 1747 annos
2156 1703 2238 1758 20,
2279 1698 2392 1748 inde

139 1774 202 1820 62
243 1770 307 1819 ad
344 1771 619 1820 Salomonis
658 1773 851 1819 tertium
891 1784 1086 1828 annum,
1127 1786 1315 1818 summa
1344 1775 1427 1820 82.
1493 1770 1648 1818 Deme
1677 1775 1705 1818 3
1736 1769 2028 1831 SalomoniS‚
2071 1776 2136 1820 40
2167 1771 2391 1834 Davidis,

134 1850 319 1894 restant
357 1850 422 1894 39
465 1845 527 1892 ab
567 1858 768 1893 excessu
809 1842 884 1891 Eli
934 1843 998 1892 ad
1044 1858 1296 1893 excessum
1336 1843 1513 1892 Saulis,
1587 1843 1772 1891 Eadem
1812 1857 1962 1892 causa
2011 1850 2083 1893 est
2122 1846 2390 1907 utriusque.

135 1918 260 1965 Nam
298 1919 340 1965 si
377 1923 566 1980 tempus
604 1919 776 1966 initum
816 1917 963 1965 breve
1001 1917 1216 1965 futurum
1245 1922 1333 1976 est,
1373 1917 1614 1978 fugiemus
1654 1916 1718 1965 ad
1751 1916 1817 1979 id,
1860 1916 1991 1980 quod
2033 1916 2238 1966 Achilab
2279 1924 2392 1968 ante

135 2005 387 2039 excessum
426 1991 500 2038 Eli
539 1997 683 2039 natus
735 1996 809 2040 est
846 1996 1223 2052 quantocunque
1263 1996 1496 2052 tempore.

308 2067 433 2110 Haec
454 2067 658 2122 sequitur
678 2066 835 2110 tabula
856 2065 1186 2123 chronologica,
1218 2079 1352 2122 quam
1375 2065 1581 2122 adjunxit
1602 2066 1827 2124 Keplerus
1849 2064 1979 2120 libro,
2002 2066 2219 2124 inscripto
2246 2067 2393 2113 Cano-

135 2146 214 2178 nes
233 2133 440 2177 Pueriles
472 2133 577 2188 (vol.
602 2132 677 2177 IV.
709 2147 753 2189 p.
773 2132 889 2188 493),
922 2138 967 2176 et
997 2132 1245 2177 tentamina
1275 2132 1568 2188 comparandi
1599 2146 1809 2179 numeros
1841 2134 1927 2180 350
1949 2139 1993 2180 et
2015 2134 2114 2190 480,
2147 2146 2264 2191 quae
2294 2134 2395 2180 finit

133 2198 414 2243 exclamans:
445 2199 550 2244 Hoc
578 2199 877 2255 fastissimum
905 2199 1246 2245 incertitudinis
1275 2199 1475 2256 aequor!
