2652 4088
293 148 399 207 362
1090 151 1122 197 J
1123 152 1319 206 udicium
1350 152 1508 198 matris
1537 118 1738 211 Kepleri.

295 299 453 348 Mater
490 313 542 347 se
581 297 863 365 defendere,
916 299 1047 348 illam
1087 302 1136 347 in
1169 289 1252 360 jus
1291 316 1498 364 vocare3
1547 308 1595 351 et
1632 300 1938 351 commodum
1985 297 2153 348 incidit
2196 301 2244 346 in
2284 297 2534 349 doctorem

292 373 550 435 juvenem,
604 372 687 433 qui
727 373 1000 421 tirocinium
1038 374 1156 422 artis
1195 373 1349 423 edidit
1387 377 1435 422 in
1472 375 1580 423 hac*
1603 376 1712 438 ipsa
1751 389 1900 423 causa
1937 375 2149 421 maximo
2187 358 2352 433 Rostro
2390 372 2534 421 malo.

291 445 628 506 Disceptaturn
666 459 752 507 per
789 460 943 494 annos
970 448 1198 509 quinque,
1238 434 1434 515 inte*
1453 447 1584 496 fama
1609 449 1812 511 serpsit,
1853 451 2069 494 mutatus
2097 423 2359 496 enimsbci
2393 459 2536 506 prae-

288 517 441 565 fectus
480 522 528 565 et
566 517 649 578 qui
675 521 909 567 successit
934 533 964 567 a
987 525 1140 569 matre
1165 519 1330 569 laesus
1357 520 1472 581 fuit,
1514 527 1567 569 ut
1593 536 1719 583 quae
1755 519 1854 580 illi,
1895 534 2004 570 cum
2031 519 2190 566 minus
2227 519 2268 565 is
2306 518 2350 565 ei
2388 518 2538 565 satis-

288 589 482 653 faceret,
521 594 857 652 paupertatem
896 594 1117 654 priorem,
1157 607 1286 641 nunc
1311 593 1509 642 ,subitas
1549 593 1747 641 divitias
1787 581 1979 654 obJecit.
2027 589 2248 639 Tandem
2279 590 2538 656 ‘conspira-

289 655 407 710 mmv
430 663 476 709 in
516 667 662 724 caput
699 666 918 712 miserae.
983 665 1185 714 Femina
1221 665 1334 726 illa,
1373 680 1434 714 ex
1463 680 1552 714 rea
1580 665 1930 728 quinquennali
1968 665 2097 712 facta
2135 663 2422 722 accusatrix,
2462 661 2540 710 al—

289 734 475 797 legavit
513 734 709 784 eosdem
748 742 926 798 testeS,
982 739 1159 799 quibus
1197 737 1284 786 illa
1322 737 1666 789 diffamationis
1717 739 1780 786 ab
1834 739 1974 786 annis
2017 741 2045 786 5
2084 735 2242 800 fuerat
2286 739 2542 794 auctoret

289 809 525 864 incentrix
562 808 706 857 facta.
786 809 908 857 Cum
948 815 1032 859 24.
1060 810 1185 860 Julii
1223 825 1350 860 anno
1395 815 1531 860 1620
1562 812 1785 859 Bavarus
1825 814 2114 872 occupasset
2152 800 2244 860 Liri
2274 808 2286 819 ”
2327 805 2388 867 rh,
2429 807 2539 869 ipsa

290 884 337 930 5.
380 880 588 943 Augusti
627 887 740 943 post
779 882 840 931 ad
879 885 1165 945 petitionem
1204 883 1512 935 adversariae
1553 886 1858 946 conspirante
1896 883 2159 952 praefecto*
2180 883 2229 928 in
2247 821 2539 929 &stodiam

290 953 406 1002 data
443 960 503 1019 et*
527 954 670 1016 plane
710 954 771 1003 ad
811 962 1045 1005 torturam
1082 956 1348 1020 postulata.
1411 957 1546 1006 Nihil
1586 963 1690 1006 erat
1727 958 1892 1020 potius
1930 970 2076 1019 quam
2113 960 2168 1002 ut
2206 968 2236 1002 a
2265 959 2330 1001 70
2358 951 2540 1001 millia-

288 1018 421 1099 rissus
459 1024 781 1090 accurrerem3
829 1031 992 1077 inveni
1031 1030 1226 1078 fratrem
1265 1031 1542 1092 suspicione
1581 1030 1813 1079 infectum
1854 1045 1914 1078 ex
1952 1029 2208 1091 imperitia,
2259 1026 2321 1074 ob
2360 1026 2542 1074 indicia

288 1100 539 1155 levissima
589 1107 690 1150 arte
740 1101 1128 1151 adversariorum
1178 1105 1488 1165 concinnata,
1542 1117 1630 1151 nec
1682 1105 1802 1151 satis
1841 1102 1904 1151 ad
1943 1108 2198 1150 extraneos
2243 1105 2438 1147 cautum
2477 1098 2539 1146 ob

289 1174 642 1242 impatientiam
688 1189 872 1223 morum
927 1178 1109 1224 matris.
1186 1166 1488 1300 Laborqfiffli
1537 1176 1629 1224 hac
1676 1178 1726 1223 in
1765 1190 1815 1224 re
1865 1190 2022 1238 usque
2071 1176 2122 1221 in
2163 1179 2210 1222 4.
2249 1171 2540 1221 Novembris

289 1247 400 1294 anni
431 1237 598 1308 '1-621,
639 1261 747 1296 cum
785 1247 974 1296 solenni
1005 1249 1194 1310 judicio
1233 1242 1394 1300 matos
1478 1249 1516 1296 it
1554 1264 1583 1297 a
1620 1254 1808 1298 tortura
1845 1251 2000 1312 petita
2034 1246 2264 1298 absoluta
2299 1259 2423 1307 eque
2451 1258 2539 1292 cu·
2650 1292 2652 1302 ,

291 1318 451 1368 stodia
490 1321 680 1381 emissa,
721 1336 751 1370 a
789 1336 885 1384 quo
926 1324 1033 1384 ipso
1070 1322 1280 1384 vestigio
1319 1335 1410 1384 ego
1435 1321 1659 1385 Lincium
1698 1323 1901 1383 recurri3
1936 1322 2138 1384 jamque
2177 1324 2226 1368 et
2264 1312 2541 1380 de'injuria
2626 1309 2652 1397 4'

290 1397 338 1441 et
373 1392 434 1441 de
471 1394 712 1442 sumtibus
759 1395 994 1456 agebatur
1044 1396 1091 1442 in
1131 1395 1492 1455 adversariam,
1545 1399 1654 1444 cu'm
1701 1409 1815 1444 ecce
1872 1401 1955 1445 13.
1995 1392 2177 1457 Aprilis
2230 1405 2358 1441 anno
2402 1395 2538 1439 1622
2641 1403 2647 1415 ²

289 1465 426 1514 Deus
461 1465 609 1515 finem
647 1469 779 1516 vitae
817 1471 983 1516 matris
1022 1474 1070 1517 et
1108 1467 1208 1517 litis
1246 1469 1382 1527 fecit,
1422 1470 1598 1517 aetatis
1637 1482 1766 1517 anno
1809 1464 1926 1518 75ss
1963 1471 2052 1527 (Ex
2074 1468 2268 1527 epistola
2299 1469 2343 1515 d.
2366 1468 2435 1514 18.
2456 1466 2542 1512 Fe·
2642 1487 2652 1522 ,ἢ

290 1535 462 1603 ergani
497 1543 641 1600 1624.)
1772 1574 1777 1577 .
2635 1522 2652 1599 ἔ

346 1622 349 1625 “
466 1611 680 1661 Primum
719 1616 948 1663 nuncium
988 1616 1237 1664 turbarum
1278 1616 1654 1665 domesticarum
1703 1616 1891 1677 accepit
1928 1614 2172 1677 Keplerus
2213 1611 2258 1660 d.
2302 1617 2384 1661 29.
2423 1610 2543 1660 Dec.
2631 1601 2652 1662 2²³

295 1687 430 1734 161σὸ
459 1699 490 1733 a
514 1700 677 1735 sorore
705 1687 996 1749 Margareta,
1039 1703 1188 1737 uxore
1223 1691 1432 1752 pastoris
1460 1688 1674 1748 Binderi‚
1716 1702 1841 1749 quae
1881 1689 1927 1735 in
1966 1687 2119 1738 literis
2159 1684 2205 1736 d.
2245 1684 2290 1733 d.
2321 1690 2405 1734 22.
2435 1681 2543 1733 Oct.

289 1759 423 1806 fratri
461 1759 842 1808 machinationes
882 1760 1283 1822 adversariorum,
1325 1777 1414 1811 nec
1437 1776 1532 1810 non
1571 1776 1625 1811 se
1660 1761 1899 1823 judicium
1937 1758 2212 1822 postulasse
2252 1764 2420 1808 contra
2459 1771 2543 1806 ca·
2631 1748 2652 1782 ἕ·

289 1831 604 1880 lumniatores
655 1834 987 1886 nunciaverat.
1064 1835 1305 1898 Keplerus
1345 1835 1391 1883 d.
1435 1840 1480 1883 2.
1521 1834 1639 1883 Jan.
1685 1840 1820 1883 1616
1875 1833 1998 1882 adiit
2035 1835 2373 1894 magistratum
2413 1829 2545 1880 Leo-
2626 1784 2652 1939 ξ

291 1905 573 1965 bergensem
611 1911 796 1967 petens,
839 1912 890 1954 ut
927 1908 1020 1956 sibi
1047 1910 1350 1958 mitterentur
1387 1907 1665 1956 libellorum
1704 1906 1929 1969 exempla
1954 1912 2002 1955 et
2027 1910 2318 1969 protestanS,
2355 1903 2544 1966 siquid
2627 1930 2649 1967 ²4·

291 1983 458 2026 contra
490 1978 571 2048 jus
610 1979 789 2027 factum
829 1986 970 2029 esset.
1048 1980 1208 2030 Mater
1245 1981 1445 2043 Kepleri
1485 1981 1830 2034 vexationibus
1867 1979 2218 2043 multiplicibus
2267 1992 2353 2040 per
2390 1991 2546 2026 annos
2623 1980 2646 2031 J?

295 2054 431 2100 1615
472 2056 522 2099 et
561 2056 696 2100 1616
738 2053 933 2121 tnrbata
972 2068 1078 2101 cum
1118 2054 1218 2103 filio
1247 2054 1594 2116 christophoro
1636 2054 1822 2115 (fusore
1859 2054 2134 2113 stannario)
2174 2052 2430 2114 Leoberga
2464 2064 2544 2100 ιε-
2620 2067 2621 2070 ’

289 2122 406 2172 licta
432 2134 594 2173 mense
624 2125 880 2174 Decembri
907 2129 1018 2175 anni
1053 2133 1186 2176 1616
1217 2127 1280 2176 ad
1303 2127 1456 2176 filium
1483 2126 1728 2175 Joannem
1756 2126 1976 2175 Lincium
2004 2127 2218 2186 transiit,
2259 2126 2343 2187 qui
2379 2125 2545 2172 statim
2616 2141 2619 2145 ⁸

290 2195 354 2245 ad
382 2197 722 2246 cancellarium
748 2199 1090 2248 Sebastianum
1120 2201 1331 2249 Fabrum
1357 2201 1696 2262 Stuttgartiam
1720 2199 2043 2249 literas‹¹misit
2068 2199 2466 2262 supplicatorias,
2494 2203 2547 2245 ut

296 2284 388 2333 ope
426 2285 517 2318 sua
549 2271 748 2332 juvaret
784 2272 1016 2321 familiam
1057 2274 1300 2323 afflictam.
1382 2274 1582 2322 Aestate
1621 2275 1736 2322 anni
1779 2276 1913 2322 1617
1957 2271 2189 2334 Kepleria
2233 2269 2376 2320 rediit
2414 2269 2544 2318 Leo·
2612 2274 2615 2279 '

294 2344 491 2406 bergam
532 2344 696 2406 ibique
737 2345 979 2406 manebat,
1021 2347 1196 2395 frustra
1222 2346 1322 2395 filio
1351 2355 1405 2395 ut
1432 2346 1655 2395 Lincium
1694 2345 1872 2395 rediret
1909 2345 2204 2409 postulante.
2266 2343 2395 2392 Hinc
2432 2341 2545 2392 inde

291 2417 419 2465 actio
458 2415 731 2472 tardissime
780 2419 1095 2481 procedebat,
1152 2420 1305 2469 donec
1342 2419 1577 2482 Kepleria
1629 2421 1804 2482 partim
1842 2420 1905 2468 ob
1954 2433 2138 2468 errores
2175 2417 2226 2465 in‘
2263 2416 2544 2466 defensione
2606 2389 2634 2534 ἔ

293 2491 674 2547 etanxietatem
714 2490 974 2540 liberorum
1012 2494 1060 2539 in
1099 2493 1515 2555 Wiirttembergia
1554 2492 1848 2555 degentium,
1887 2493 2064 2555 partim
2103 2490 2544 2540 machinationibus

292 2634 447 2698 (Sept.
491 2636 650 2693 1620)
691 2635 994 2700 Giiglingae,
1049 2640 1215 2701 ibique
1266 2640 1440 2701 capitis
1491 2645 1735 2690 accusata.
1814 2638 1956 2687 Brevi
1994 2646 2107 2701 post
2154 2637 2284 2684 filius
2323 2635 2543 2685 Joannes

292 2707 493 2763 advenit
541 2715 588 2757 et
626 2708 954 2759 defensionem
1006 2714 1172 2760 matris
1222 2726 1451 2774 praesens
1500 2713 1715 2774 suscepit
1763 2726 1968 2773 eamque
2017 2709 2080 2760 ad
2129 2715 2350 2773 optatum
2400 2708 2542 2758 finem

293 2781 520 2844 perduxit
558 2781 660 2841 (die
701 2787 747 2831 3.
790 2782 897 2832 Oct.
943 2786 1120 2845 1621).

466 2853 639 2903 Lincio
665 2854 905 2918 Keplerus
931 2859 1113 2905 amicos
1140 2856 1476 2918 Tubingenses
1516 2857 1640 2905 adiit
1666 2857 1922 2904 consilium
1948 2857 2012 2904 ab
2038 2857 2097 2903 iis
2124 2861 2296 2919 petens
2329 2860 2379 2904 et
2403 2867 2542 2917 opem
2644 2902 2647 2911 ,,

294 2927 341 2973 in
379 2940 429 2976 re
468 2926 739 2990 desperata.
805 2928 975 2978 Testes
1012 2930 1250 2978 habemus
1290 2929 1378 2978 has
1415 2928 1581 2991 literas
1609 2929 1821 2991 Besoldi,
1857 2928 2144 2992 professoris
2176 2928 2301 2991 juris
2340 2930 2388 2975 in
2427 2941 2544 2977 acar-
2569 2921 2604 2963 ‘²’
2637 2917 2652 2986 'j‘

295 2999 454 3048 demia
492 3000 813 3064 Tubingensi:
2553 3008 2555 3010 ’
2591 3003 2608 3035 ··⁴

465 3068 638 3114 Nobilis
659 3075 705 3114 et
726 3069 970 3116 clarissime
982 3070 1075 3126 Vir,
1100 3071 1250 3115 fautor
1273 3075 1318 3115 et
1338 3069 1499 3114 adfinis
1521 3070 1820 3126 suspiciende.
1852 3070 2007 3116 Voluit
2020 3076 2066 3115 et
2086 3084 2170 3127 pro
2191 3069 2416 3115 amicitiae
2437 3067 2547 3113 mihi
2583 3035 2610 3173 fg

288 3126 391 3182 jure
421 3126 616 3183 injunxit
639 3128 830 3173 Lansius
861 3135 1028 3183 noster,
1061 3135 1112 3174 ut
1141 3142 1285 3173 meam
1317 3128 1398 3174 tibi
1430 3129 1628 3184 aperiam
1661 3130 1930 3175 sententiam
1960 3131 2006 3174 in
2035 3130 2218 3186 negotio
2249 3127 2406 3174 matris
2427 3133 2602 3186 tusca:¹

293 3185 392 3240 Ege
423 3185 554 3241 facti,
595 3199 651 3230 ex
683 3201 770 3243 quo
798 3187 873 3243 jus
906 3187 1120 3243 sumitur,
1153 3187 1290 3244 plane
1320 3186 1532 3243 ignarus,
1572 3188 1681 3231 certi
1711 3188 1774 3232 nil
1805 3189 1891 3233 hac
1921 3188 2189 3245 praesertim
2218 3188 2264 3232 in
2295 3199 2343 3231 re
2373 3185 2602 3250 lubrica-³¹3¹(

295 3249 493 3289 statuere
523 3257 654 3300 queo,
689 3251 733 3290 et
753 3246 920 3302 nescio,
954 3259 1044 3301 qua
1075 3259 1132 3290 ex
1163 3245 1415 3290 diffidentia
1448 3258 1575 3290 soror
1606 3245 1771 3302 aliique
1803 3248 1870 3291 tui
1902 3247 2017 3291 clam
2047 3260 2117 3290 me
2149 3246 2300 3291 omnia
2330 3256 2463 3301 agere
2483 3242 2606 3309 vv(

294 3302 468 3347 dentur,
512 3303 662 3349 Unum
692 3304 779 3349 hoc
808 3318 891 3361 pro
922 3305 1120 3361 ingenuo
1153 3304 1348 3349 candore
1380 3303 1502 3348 dico:
1534 3303 1624 3348 vidi
1644 3318 1809 3349 novum
1839 3305 2042 3350 libellum
2074 3318 2156 3350 seu
2185 3305 2424 3358 actionem,
2456 3291 2619 3366 qus-34

294 3367 376 3406 tua
403 3366 550 3420 mater
580 3362 825 3418 impetitur,
860 3364 1079 3419 perpendi
1109 3363 1274 3407 indicia
1305 3368 1352 3407 et
1380 3362 1549 3414 media,
1582 3364 1746 3418 quibus
1779 3364 2040 3419 petitionem
2070 3363 2287 3408 roborare
2316 3363 2579 3430 nituntur-:332
2587 3374 2621 3422 1¹9

296 3433 350 3464 ea
379 3432 485 3464 vero
515 3419 624 3464 talia
657 3428 774 3476 sunt,
807 3426 858 3465 ut
888 3421 1084 3477 speciem
1117 3434 1227 3479 prae
1258 3434 1307 3466 se
1327 3420 1444 3466 ferre
1468 3420 1703 3465 videantur
1724 3423 1830 3475 veri,
1861 3436 1967 3467 vera
1997 3435 2096 3467 esse
2117 3421 2269 3466 nullus
2292 3434 2374 3476 ego
2396 3418 2619 3479 credebiv.

296 3477 375 3523 sed
405 3478 670 3534 probabilia,
705 3486 750 3523 et
779 3481 825 3523 in
855 3480 942 3525 hoc
963 3493 1071 3524 casu
1094 3479 1429 3536 inquisitionem
1453 3477 1694 3524 admittunt
1732 3482 1872 3526 nostri
1898 3481 2004 3536 jure
2036 3479 2243 3526 consulti.
2285 3477 2592 3556 Inimicitiasirnf

298 3544 342 3580 et
363 3536 570 3582 adfectus
587 3537 790 3592 judicum
821 3537 893 3581 vel
916 3538 1276 3583 consiliariorum
1305 3550 1399 3582 non
1430 3543 1500 3581 est
1529 3538 1650 3593 quod
1683 3539 1904 3596 verearis3
1937 3539 2017 3584 sed
2050 3538 2311 3595 scrupulum
2342 3537 2545 3594 injiciunt

302 3608 367 3646 ea,
404 3607 520 3651 quae
551 3595 599 3638 in
619 3595 838 3640 similibus
871 3597 1020 3641 causis
1043 3610 1114 3641 me
1144 3602 1386 3653 praesente
1407 3596 1622 3640 conclusa
1643 3597 1838 3641 fuerunt.
1899 3597 2108 3642 Gravitas
2140 3609 2306 3641 causae
2338 3601 2384 3640 et
2413 3594 2557 3639 etiam
2623 3642 2626 3663 ι

300 3653 647 3709 consequentiae
669 3654 955 3711 multiplices,
988 3667 1106 3711 quae
1138 3667 1235 3698 eam
1257 3654 1474 3710 subsequi
1493 3662 1696 3711 possent,
1728 3655 1814 3702 hoc
1836 3657 2018 3713 exigere
2042 3656 2267 3710 videntur,
2300 3659 2350 3699 ut
2368 3652 2567 3702 Bistam-⁴1,
2604 3666 2625 3701 ,ε

299 3711 449 3755 bachii
480 3712 714 3756 consilium
746 3718 957 3769 expetas,
991 3713 1068 3768 qui
1098 3713 1183 3756 tibi
1213 3713 1393 3770 tuisque
1423 3713 1624 3768 impense
1654 3713 1775 3758 favet
1806 3720 1852 3758 et
1883 3715 1959 3772 qui
1990 3713 2188 3770 Principi
2218 3717 2374 3758 nostro
2395 3725 2422 3756 a
2441 3723 2565 3758 con-0.
2619 3749 2622 3758 ,

303 3768 412 3812 siliis
436 3774 516 3814 est.
564 3769 654 3814 Sed
676 3775 790 3827 acta,
821 3772 1090 3827 praesertim
1111 3783 1254 3815 novae
1273 3771 1380 3827 litis,
1413 3783 1598 3816 necesse
1632 3777 1700 3815 est
1722 3778 1771 3816 ut
1802 3772 1950 3817 videat
1981 3778 2025 3818 et
2055 3773 2190 3818 etiam
2220 3770 2374 3816 audiat
2394 3767 2565 3827 deferr*-
2609 3775 2611 3780 ’

301 3826 450 3871 siones
482 3840 535 3872 ac
565 3827 862 3874 refutationes
886 3835 1081 3874 tuorum.
2536 3818 2557 3844 ’ᾗ

476 3884 550 3930 Sic
578 3886 677 3932 vale
709 3893 756 3932 et
787 3888 1121 3935 festinationem
1152 3892 1417 3936 excusatam
1445 3888 1564 3937 habe
1593 3901 1751 3936 meam.
1803 3888 2078 3947 Raptissime
2101 3888 2142 3934 d.
2163 3888 2238 3935 25.
2256 3887 2367 3944 Apr.
2390 3885 2518 3932 1619.
2535 3851 2582 3914 ‘s

2644 2381 2652 2443 ἓ

2636 2478 2652 2513 ’.

2636 2579 2651 2600 ι.

2646 2715 2652 2732 ί

287 2561 677 2611 adversariorum
717 2565 764 2610 in
805 2577 1043 2617 carcerem
1083 2566 1286 2629 abrepta
1326 2572 1412 2624 est,
1453 2567 1589 2628 prius
1615 2566 1767 2628 (Aug.
1801 2566 1959 2629 1620)
1998 2565 2297 2626 Leobergae‚
2337 2562 2542 2625 posthac
2602 2558 2639 2757 ξ’

2597 2758 2620 2923 ἕ

2627 3190 2632 3202 i

2623 3245 2626 3258 l
