2652 4088
855 136 911 184 In
941 103 1124 184 cbit'um
1153 138 1209 184 D.
1241 136 1468 197 'tychonis
1496 135 1675 213 arabe.-

485 288 592 340 Has
630 291 776 340 etiam
813 291 1051 352 ingenuas
1089 290 1140 336 in
1176 293 1368 353 sceptra
1403 301 1636 352 reponere
1675 301 1814 337 curas

627 362 834 426 Quoque
871 367 1011 426 potes
1050 367 1208 411 arctas
1245 360 1540 426 amplificare
1578 359 1742 412 modo⁴

484 437 727 501 Tempora
762 435 1009 484 nobilibus
1048 435 1262 484 condunt
1297 435 1551 500 pereuntia
1587 435 1753 497 signis,

630 509 856 559 Aetatem
894 507 1060 556 mundi
1098 515 1297 573 pectora
1334 508 1476 556 bruta
1514 506 1702 569 docent,

488 581 684 646 Quanta
721 584 785 631 sit
822 581 1085 646 expediunt
1123 581 1370 631 coelorum
1409 580 1604 630 condita
1638 580 1791 630 moles

635 654 891 718 Quamque
929 657 992 703 sit
1028 655 1270 704 humanae
1311 653 1568 704 commoda
1604 653 1758 704 forma
1797 653 1982 716 domuS,

490 728 565 778 Ne
606 729 741 777 velut
777 730 945 791 ignota
982 729 1122 776 vivat
1158 730 1439 792 peregrinus
1479 729 1526 774 in
1565 727 1684 777 urbe

632 801 909 864 Terrigena,
948 800 1149 865 hospitii
1186 803 1378 850 nescius
1415 803 1520 864 ipse
1558 802 1648 848 sui.

487 873 669 938 Incipe,
708 875 940 936 mortalis,
979 875 1183 923 stolidos
1222 874 1463 938 deponere
1501 873 1677 922 fastus:

634 946 882 1009 Quantula
920 947 979 996 de
1018 947 1198 996 mundo
1237 949 1409 1011 portio,
1449 960 1649 1009 quaeSO,
1688 951 1773 994 tua
1811 947 1906 995 est!

488 1017 617 1081 Quin
657 1023 803 1069 etiam
841 1021 1079 1070 humanos
1119 1020 1342 1083 adjutant
1379 1021 1604 1082 gnaviter
1642 1034 1760 1067 usus

633 1091 701 1154 (Ο
739 1109 814 1142 res
853 1096 1054 1156 ingratis
1092 1108 1240 1156 saepe
1279 1092 1501 1142 iteranda
1537 1093 1703 1154 viris);

486 1164 699 1216 Uranien
736 1167 976 1216 foecunda
1015 1167 1161 1216 Ceres
1199 1166 1520 1228 Bacchusque
1558 1165 1838 1228 loquuntur,

633 1240 793 1288 Fauni
832 1239 1129 1303 capripedes
1167 1239 1504 1302 Arcadiusque
1543 1238 1695 1287 Deus.

490 1311 670 1363 Uranie
709 1314 986 1362 instabilem
1025 1315 1310 1362 constrinxit
1343 1313 1502 1362 Nerea
1539 1315 1715 1375 nautis,

631 1387 807 1435 Aeolia
844 1384 1022 1435 Uranie
1061 1387 1151 1435 sub
1185 1387 1308 1450 juga
1346 1394 1504 1435 castra
1543 1385 1690 1434 dedit.

487 1459 627 1509 Haec
666 1462 772 1508 avis
809 1459 1058 1523 Hispanos
1097 1460 1247 1509 alium
1287 1459 1487 1508 deduxit
1523 1460 1573 1506 in
1614 1459 1793 1518 orbem,

632 1533 763 1582 Huic
801 1536 949 1582 cessit
987 1533 1178 1582 clausas
1216 1548 1335 1596 gens
1374 1532 1657 1582 tremefacta
1692 1533 1835 1596 foreS,

490 1604 670 1656 Uranie
708 1606 928 1656 Batavos
965 1622 1118 1656 saeva
1155 1609 1373 1656 servavit
1411 1607 1473 1655 ab
1513 1612 1662 1666 arct0,

635 1679 771 1742 Quos
809 1681 934 1744 fugit
970 1679 1122 1728 multo
1161 1686 1378 1744 tempore
1417 1680 1587 1728 clausa
1626 1680 1744 1742 dieS,

491 1753 652 1802 Tanta
690 1753 822 1802 dedit
859 1754 1107 1817 'quondam
1146 1754 1319 1803 cultori
1354 1755 1573 1817 praemia
1612 1753 1765 1815 diveS,

634 1827 744 1875 Non
783 1827 1008 1890 equidem
1047 1823 1261 1889 cunctam,
1302 1827 1496 1888 credite,
1537 1826 1661 1875 fudit
1699 1841 1832 1890 opes,

498 1900 695 1949 Claudit
730 1901 1070 1950 inexhaustam
1107 1903 1289 1963 gremio
1328 1900 1600 1964 praedivite
1637 1915 1824 1963 gazam,

639 1975 742 2022 Dat
778 1989 909 2023 nova
946 1989 1043 2023 non
1081 1976 1232 2038 pigris
1270 1989 1469 2023 munera
1507 1973 1639 2022 culta
1676 1976 1810 2024 viris·
1840 2027 1842 2029 ,

494 2047 609 2096 Vim
651 2048 775 2096 coeli
812 2054 1021 2097 reserate
1060 2050 1168 2109 viri,
1208 2050 1343 2097 venit
1380 2049 1548 2111 agnita
1585 2047 1648 2096 ad
1686 2062 1844 2109 usum,

638 2121 844 2183 Ignotae
883 2121 1052 2170 videas
1090 2121 1344 2170 commoda
1380 2120 1515 2170 nulla
1552 2122 1635 2169 rei.

495 2193 674 2246 Clausa
712 2197 898 2258 aperire
936 2195 1090 2255 labor,
1129 2195 1216 2244 sed
1255 2197 1435 2259 apertis
1472 2209 1571 2243 non
1608 2193 1746 2244 labor
1783 2194 1910 2256 uti3.

639 2267 852 2317 Naturae
889 2269 1084 2331 ingenio
1123 2271 1224 2318 vim
1260 2275 1469 2318 reserate
1506 2269 1614 2319 viri.

495 2340 568 2389 Mi
606 2356 816 2405 quoque,
857 2342 987 2390 Diva
1024 2348 1213 2404 potens,
1252 2344 1451 2406 propius
1488 2342 1708 2405 perculta
1747 2340 1935 2403 dedisti,

643 2415 716 2464 Ne
756 2417 935 2464 cruciet
971 2421 1182 2464 mentem
1221 2431 1350 2465 vana
1387 2417 1684 2478 superstitio,

497 2487 678 2537 Dulcia
714 2503 812 2537 non
849 2495 1040 2552 poterat
1080 2481 1386 2553 compescere
1422 2490 1611 2538 somnia
1648 2489 1830 2551 Moses,

641 2561 865 2625 Suspicio
904 2577 1107 2626 magnos
1143 2563 1325 2612 fecerat
1363 2568 1495 2612 astra
1531 2562 1693 2625 Deos3

497 2635 644 2684 Forte
683 2638 829 2684 etiarn
866 2638 1083 2699 magicas
1122 2638 1364 2686 venissem
1402 2641 1655 2699 promptus
1693 2635 1755 2684 ad
1793 2641 1936 2698 arteS,

640 2708 852 2758 Eliciens
893 2707 1034 2770 Orco,
1075 2724 1198 2773 quos
1235 2725 1401 2773 regere
1440 2716 1571 2759 astra
1607 2714 1796 2775 putant.

498 2780 676 2829 Intima
716 2784 997 2846 quantisper
1033 2797 1130 2832 non
1169 2783 1230 2833 ad
1268 2784 1536 2848 penetralia
1572 2785 1702 2845 veni,

646 2855 915 2920 Explorans
955 2858 1082 2905 vires
1120 2856 1204 2905 lux
1241 2859 1463 2906 animosa
1500 2863 1625 2916 tuaS‚

501 2927 737 2978 Consulat
775 2936 1013 2979 astrorum
1053 2932 1195 2992 vires,
1236 2933 1512 2994 quicunque
1551 2930 1743 2979 laborat

649 3002 771 3051 Cum
808 3004 966 3052 fructu
1005 3006 1168 3053 vetitis
1209 3005 1383 3054 obvius
1422 3006 1491 3053 ire
1529 3003 1682 3053 libris.

503 3075 676 3139 Tuque
716 3075 839 3126 adeo
878 3078 1112 3126 immanes
1150 3080 1286 3127 terris
1325 3083 1543 3127 avertere
1581 3082 1742 3141 pestes

647 3148 701 3198 Si
738 3145 894 3218 (quod
933 3150 1081 3199 Sacra
1113 3147 1314 3218 jubent)
1353 3150 1483 3200 Dive
1521 3149 1779 3213 Rudolphe
1818 3148 1978 3212 cupis3

502 3220 556 3271 Si
593 3223 681 3271 tibi
720 3229 833 3272 sunt
872 3223 1002 3273 cordi
1039 3225 1244 3274 miserae
1281 3239 1413 3274 nova
1451 3222 1705 3273 commoda
1743 3222 1890 3283 vitae,

654 3294 823 3346 Gloria
860 3299 901 3346 si
941 3299 1115 3346 summi
1154 3297 1313 3346 cultus
1352 3311 1585 3358 amorque
1623 3296 1731 3356 Dei,

504 3367 647 3419 Hanc
685 3371 831 3419 etiam
871 3370 1079 3420 clemens
1117 3370 1387 3419 studiorum
1426 3369 1714 3432 amplectere
1752 3371 1953 3431 partem,

649 3441 906 3492 Consciam
946 3449 994 3494 et
1030 3450 1268 3493 astrorum
1304 3458 1450 3508 perge
1487 3443 1652 3491 fovere
1691 3440 1864 3489 Deam.

509 3513 734 3564 Stravisti
773 3516 1054 3581 Scythicum
1092 3530 1188 3565 non
1226 3531 1323 3565 una
1362 3515 1499 3565 clade
1538 3521 1818 3578 tyrannum:

651 3587 904 3639 Imbellem
942 3604 1178 3653 exsupera
1216 3587 1411 3637 tandem
1453 3590 1599 3636 etiam
1636 3587 1885 3634 invidiam.

508 3658 668 3709 Millia
705 3661 953 3722 militibus,
994 3664 1193 3712 veniant
1229 3660 1374 3709 modo
1414 3659 1606 3723 singula
1642 3659 1825 3721 Musis3

530 3782 543 3791 ,
650 3732 833 3784 Neutra
868 3742 1075 3799 gravant
1110 3733 1307 3795 reditus,
1347 3732 1514 3783 invida
1550 3733 1734 3795 lingua,
1774 3737 1899 3781 tuos.

510 3805 565 3856 Si
600 3811 761 3856 tamen
798 3822 952 3872 usque
991 3808 1114 3858 adeo
1153 3807 1332 3855 multus
1369 3809 1496 3871 rapit
1534 3807 1696 3854 omnia
1732 3804 1887 3869 mileS,

656 3878 710 3931 Si
746 3888 943 3932 cunctas
980 3882 1104 3932 adeo
1141 3880 1274 3930 Mars
1311 3880 1572 3947 populatur
1611 3893 1744 3946 opes,

2278 102 2398 195 141*
