2652 4088
329 166 399 224 96
1182 162 1454 208 Plutarchus
1486 162 1542 208 de
1570 162 1707 209 Facie

331 315 444 364 dum
483 313 642 363 adhuc
678 314 727 360 in
754 309 962 376 (fervore
989 326 1177 360 summo
1205 309 1372 375 inque)
1407 319 1542 360 motu
1580 315 1908 373 evaporationis
1949 315 2033 360 aer
2070 318 2303 374 versatur,
2342 313 2406 362 ob
2443 312 2570 362 levi-

329 396 477 438 tatem
520 387 685 448 effugit
724 384 1124 446 coagulationemz
1151 391 1200 433 et
1237 384 1661 434 condensationem
1699 387 1858 433 istam.
1932 384 2040 432 Nisi
2078 385 2215 446 forte,
2254 401 2339 449 per
2375 385 2570 446 Jovem,

332 462 426 509 hoc
466 460 696 517 dicamus,
737 457 868 519 quod
906 461 1030 506 sicut
1068 456 1236 505 Pallas
1276 457 1470 518 Achilli,
1510 472 1618 506 cum
1656 461 1696 505 is
1736 459 1868 505 cibos
1902 471 1998 505 non
2037 457 2325 518 admitteret,
2365 460 2571 507 nectaris

329 532 513 595 aliquid
553 538 600 580 et
638 531 908 579 ambrosiae
947 529 1270 590 instillaverit,
1311 531 1380 577 sic
1418 530 1622 590 Lunam,
1662 545 1788 592 quae
1827 530 1992 578 Pallas
2033 537 2105 579 est
2144 537 2192 579 et
2216 531 2404 592 dicitur,
2444 531 2572 580 alere

330 608 459 653 viros
510 604 645 665 illos,
701 604 996 651 emittentem
1048 602 1143 650 illis
1197 602 1531 664 quotidianam
1577 603 1896 663 ambrosiam,
1953 603 2198 665 quomodo
2248 603 2569 667 PherecydeS,

329 685 468 727 vetus
506 676 602 735 ille,
642 677 841 734 censuit,
884 676 1016 723 Deos
1054 677 1186 737 ipsos
1223 677 1460 723 victitare.
1510 675 1636 723 Nam
1662 675 1871 723 radicem
1899 674 2032 723 illam
2070 676 2278 724 indicam
2298 673 2380 739 79),
2421 691 2567 739 quam

327 752 492 800 scribit
529 748 871 811 Megasthenes
910 763 1020 808 eoa,
1075 749 1158 810 qui
1197 749 1300 795 sine
1340 749 1447 796 cibo
1498 755 1547 796 et
1590 755 1710 811 potu
1765 747 1946 810 degunt
1992 748 2213 811 adeoque
2260 763 2340 798 ore
2391 755 2568 811 carent,

327 826 493 886 prunis
532 836 696 870 assare
735 827 782 867 et
820 819 1001 879 suffire,
1042 829 1095 868 ut
1120 821 1226 883 ejus
1252 820 1420 869 nidore
1446 831 1721 883 pascantur,
1762 821 1901 882 hanc,
1940 823 2154 884 inquam,
2195 821 2438 885 quomodo
2466 823 2574 885 quis

327 897 395 945 ibi
433 898 567 944 nasci
605 894 790 952 dixerit,
832 908 939 941 cum
976 893 1118 941 Luna
1153 908 1249 941 non
1288 893 1542 956 irrigetur?

499 968 637 1016 Haec
664 981 770 1015 cum
796 965 920 1015 The
939 980 966 1014 o
984 981 1012 1012 n
1045 966 1258 1026 dixisset,
1301 967 1420 1028 Ego,
1461 964 1622 1029 (scite)
1652 980 1768 1014 sane
1795 971 1841 1013 et
1868 968 2062 1015 omnino
2091 969 2271 1030 optime
2297 965 2568 1015 ludibundo

331 1043 540 1091 sermoni
566 1039 824 1103 supercilia
849 1037 1260 1105 (accommodasti,
1300 1038 1512 1104 propter)
1551 1053 1674 1101 quae
1701 1038 1878 1086 fiducia
1904 1040 2044 1088 nobis
2085 1044 2233 1088 oritur
2271 1040 2333 1088 ad
2371 1055 2572 1103 respon-

331 1114 568 1175 dendum3
617 1115 795 1176 quippe
846 1113 1022 1174 quibus
1060 1127 1220 1175 poena
1257 1127 1414 1175 neque
1454 1113 1631 1160 acerba
1668 1111 1929 1159 admodum
1977 1128 2135 1175 neque
2175 1129 2348 1162 severa
2384 1115 2446 1161 sit
2485 1128 2572 1162 ex-

328 1186 609 1253 spectanda.
669 1185 742 1234 Re
782 1200 898 1233 vera
935 1187 1063 1233 enim
1103 1189 1164 1234 ab
1204 1187 1275 1242 iis,
1317 1188 1397 1247 qui
1438 1185 1712 1233 vehementi
1752 1187 2064 1247 persuasione
2101 1186 2379 1248 hujusmodi
2417 1201 2573 1235 rerum

329 1268 440 1310 sunt
468 1260 706 1322 occupati,
746 1258 867 1304 nihil
895 1258 1117 1306 differunt
1154 1260 1201 1319 ii,
1243 1262 1325 1320 qui
1364 1258 1672 1307 vehementer
1711 1260 1781 1305 eis
1820 1266 2104 1307 succensent
2129 1259 2369 1321 fidemque
2410 1273 2574 1307 earum

330 1333 630 1394 convellunt,
671 1346 979 1393 nequaquam
1019 1345 1133 1380 vero
1173 1331 1390 1380 modeste
1429 1331 1487 1379 de
1526 1330 1847 1394 possibilitate
1887 1338 1935 1380 et
1974 1334 2300 1395 contingentia
2341 1332 2574 1395 dispicere

330 1401 599 1471 volunt80).
677 1404 830 1467 Igitur
868 1406 1032 1452 statim
1083 1406 1222 1452 initio
1274 1418 1370 1452 non
1423 1411 1496 1452 est
1534 1405 1882 1463 necessarium,
1931 1406 1971 1451 si
2012 1405 2131 1452 nulli
2171 1405 2388 1454 homines
2427 1405 2571 1454 habi-

330 1487 437 1530 tant
474 1481 522 1526 in
563 1478 730 1537 Luna,
771 1483 824 1524 ut
863 1492 921 1525 ea
959 1484 1215 1540 propterea
1253 1478 1429 1525 frustra
1466 1479 1528 1524 sit
1566 1478 1694 1525 facta
1731 1476 2013 1539 nullumque
2052 1478 2113 1525 ad
2153 1493 2308 1526 usum.
2384 1478 2574 1526 Etenim

329 1569 390 1602 ne
429 1553 551 1601 haec
599 1550 792 1613 quidem
844 1558 1009 1599 nostra
1047 1550 1196 1599 Terra
1242 1556 1345 1598 toto
1398 1550 1570 1598 colitur
1620 1551 1806 1597 ambitu
1857 1549 2194 1616 habitaturve,
2245 1550 2330 1599 sed
2369 1550 2575 1613 parvula

330 1627 435 1690 ejus
473 1626 632 1688 portio
671 1631 902 1685 tanquam
948 1624 1288 1686 promontoriis
1333 1629 1420 1671 aut
1467 1623 1735 1686 peninsulis
1785 1622 2073 1684 quibusdam
2114 1638 2171 1672 ex
2210 1623 2447 1686 profundo
2487 1638 2574 1674 ex-

327 1700 569 1748 stantibus
607 1696 926 1745 foecundatur
963 1698 1259 1744 animantum
1301 1702 1348 1743 et
1385 1696 1658 1758 plantarum
1685 1702 1939 1758 proventu.
1992 1696 2230 1759 Reliquae
2270 1697 2375 1759 ejus
2414 1701 2575 1760 partes

329 1773 409 1821 vel
450 1772 668 1821 desertae
707 1776 820 1817 sunt
855 1776 902 1817 et
940 1769 1127 1817 steriles
1165 1771 1322 1831 rigore
1362 1768 1441 1817 vel
1480 1776 1638 1833 aestu,
1679 1768 1756 1817 vel
1795 1783 1978 1818 mersae
2016 1784 2194 1833 magno
2233 1773 2351 1818 mari
2391 1783 2576 1831 eaeque

328 1860 473 1908 quam
511 1843 764 1907 plurimae.
839 1842 915 1890 Tu
955 1856 1099 1903 vero,
1139 1856 1247 1890 cum
1287 1842 1618 1891 Aristarchum
1657 1856 1846 1904 semper
1884 1850 1932 1891 et
1969 1857 2103 1891 ames
2141 1851 2189 1893 et
2226 1845 2440 1905 mireris,
2492 1856 2575 1891 cur

330 1932 426 1967 non
466 1915 714 1967 auscultas
754 1915 950 1975 Crateti,
992 1929 1100 1963 cum
1138 1914 1287 1978 legis:
2557 1932 2561 1936 ⁴

823 1988 1067 2049 Oceanus,
1107 1990 1196 2051 qui
1234 1989 1496 2050 terriycnis
1533 1987 1832 2036 mortalibus
1868 1994 2040 2037 ortum

823 2060 1186 2123 Coclitibusque
1223 2061 1370 2120 dedit,
1417 2060 1629 2108 Telluris
1660 2061 1895 2122 plurima
1932 2064 2117 2109 mersit.

500 2135 566 2185 At
603 2136 811 2183 immane
837 2141 1070 2197 quantum
1098 2136 1253 2193 abest,
1292 2139 1344 2181 ut
1381 2133 1503 2182 haec
1539 2134 1715 2182 frustra
1740 2135 1836 2181 sint
1861 2134 2004 2183 facta.
2054 2134 2189 2183 Mare
2217 2134 2342 2183 enim
2370 2147 2575 2197 vapores

329 2210 541 2274 exspirat
579 2210 745 2268 miteS,
797 2210 866 2256 sic
904 2214 1157 2256 ventorum
1198 2208 1408 2255 omnium
1457 2207 1758 2269 gratissimos
1806 2214 1994 2256 aestate
2045 2208 2400 2257 ferventissima
2437 2209 2575 2256 nives

328 2287 377 2332 in
417 2290 543 2332 terra
589 2295 686 2330 non
731 2281 990 2330 habitabili
1036 2282 1272 2343 paulatim
1320 2281 1644 2342 liquescentes
1682 2279 1912 2328 exhalant
1949 2287 1997 2329 et
2037 2281 2331 2340 diffundunt,
2383 2279 2574 2343 dieique

328 2359 582 2419 noctisque
621 2359 762 2403 Terra
801 2361 1056 2403 accuratus
1095 2357 1142 2401 in
1182 2353 1342 2402 medio
1383 2359 1545 2402 custos
1586 2355 1802 2403 constitit
1841 2361 1888 2402 et
1914 2354 2083 2403 artifex
2111 2353 2373 2403 secundum
2403 2351 2574 2402 Plato-

329 2445 455 2479 nem.
530 2428 662 2477 Nihil
702 2429 849 2490 igitur
887 2426 1087 2489 impedit
1127 2442 1222 2489 quo
1261 2429 1420 2474 minus
1469 2428 1612 2475 etiam
1653 2425 1795 2474 Luna
1840 2427 2131 2475 animalibus
2184 2426 2379 2489 quidem
2417 2438 2577 2476 vacua

329 2505 407 2563 sit,
448 2507 497 2550 at
532 2502 764 2564 praebeat
802 2515 852 2549 se
891 2500 1233 2549 reflexionibus
1271 2500 1467 2548 luminis
1515 2500 1693 2548 circum
1731 2515 1783 2548 se
1831 2500 1923 2547 fusi
1963 2506 2011 2548 et
2049 2499 2291 2548 confluxui
2330 2499 2573 2547 radiorum

328 2574 608 2625 sideralium
644 2577 692 2621 in
732 2588 783 2622 se
822 2575 930 2636 ipsa
970 2573 1416 2635 commixtionique,
1470 2577 1555 2620 aut
1586 2571 1729 2634 juvet
1767 2574 2095 2621 excoctionem
2143 2572 2505 2621 exhalationum
2547 2586 2574 2620 e

322 2648 496 2708 Terra,
535 2646 735 2710 Solique
768 2649 919 2706 (cujus
950 2654 1101 2704 partes
1132 2648 1178 2691 in
1198 2649 1283 2693 hac
1315 2649 1576 2694 excoctione
1606 2649 1911 2705 praecipuae),
1945 2645 2074 2707 quod
2103 2645 2161 2694 de
2188 2647 2247 2694 iis
2275 2652 2347 2695 est
2372 2651 2574 2693 naturae

327 2719 593 2770 admodum
631 2719 847 2768 fervidae
885 2726 935 2767 et
972 2720 1285 2779 contumaciS,
1326 2720 1551 2767 remittat.
1618 2718 1779 2780 Atque
1818 2718 1898 2766 hic
1934 2718 2206 2781 plusculum
2246 2721 2390 2767 etiam
2416 2718 2573 2766 famae
2647 2730 2652 2735 ·

329 2799 551 2844 vetustae
588 2792 945 2855 indulgebimus
973 2791 1298 2854 dicemusque,
1338 2791 1526 2839 Lunam
1552 2791 1760 2838 Dianam
1797 2792 1945 2839 fuisse
1984 2791 2225 2852 habitam,
2264 2798 2433 2854 utpote
2473 2791 2574 2838 vir-

333 2868 498 2931 ginem
534 2865 746 2915 sterilem
786 2865 1004 2927 quidem,
1050 2871 1104 2913 at
1141 2864 1346 2913 diversis
1389 2863 1500 2913 aliis
1547 2863 1704 2912 modis
1744 2863 2091 2913 auxiliatricem
2131 2872 2178 2913 et
2216 2859 2571 2927 benignamffl).

503 2938 707 2999 Deinde,
749 2953 777 2987 o
802 2937 1032 3002 perchare
1059 2937 1244 2997 Theon,
1283 2937 1406 2986 nihil
1444 2942 1518 2986 est
1555 2951 1614 2986 ex
1653 2938 1889 2997 omnibuS,
1931 2952 2056 2999 quae
2095 2938 2183 2986 abs
2215 2944 2262 2986 te
2289 2937 2419 2986 dicta
2445 2943 2571 2997 sunt,

332 3011 463 3076 quod
502 3011 810 3072 demonstret,
850 3010 1198 3073 impossibilem
1237 3023 1343 3059 esse
1381 3009 1550 3059 Lunae
1587 3010 1953 3062 habitationem.
2005 3009 2195 3074 Quippe
2221 3010 2343 3059 haec
2367 3012 2573 3073 primum

332 3087 583 3134 conversio
621 3085 815 3144 Lunae,
869 3083 1072 3131 multum
1110 3083 1325 3132 lenitatis
1364 3086 1413 3132 et
1448 3083 1814 3145 tranquillitatis
1858 3082 2073 3144 habenS,
2124 3085 2315 3147 mitigat
2351 3090 2399 3132 et
2438 3096 2572 3131 com·

331 3159 500 3222 planat
536 3162 695 3207 aerem
733 3157 1149 3220 praestolaturque
1190 3170 1314 3215 eum,
1355 3155 1468 3204 dum
1507 3161 1555 3204 et
1592 3157 1699 3217 ipse
1733 3155 1877 3204 simul
1904 3155 2303 3219 circumducatur,
2339 3163 2394 3207 ut
2423 3155 2571 3204 metui

331 3231 467 3280 locus
505 3247 655 3294 penes
693 3245 782 3278 nos
820 3244 915 3278 non
954 3231 1030 3290 sit,
1069 3244 1129 3277 ne
1169 3229 1251 3291 qui
1289 3229 1357 3277 ibi
1397 3231 1546 3277 vitam
1586 3228 1818 3290 degerunt
1854 3228 1964 3277 inde
1995 3227 2221 3278 excidant
2245 3235 2332 3281 aut
2357 3243 2388 3278 a.
2414 3227 2572 3278 domi-

334 3305 445 3353 cilio
484 3319 572 3353 suo
612 3305 849 3354 aberrent.
927 3302 1115 3351 Deinde
1152 3305 1260 3364 ipsa
1295 3316 1454 3364 neque
1493 3301 1707 3365 (incertis
1745 3307 1951 3364 vagatur
1988 3297 2224 3372 motibus)
2260 3303 2577 3359 cristam&

333 3382 468 3425 tuum
509 3379 618 3440 ejus
655 3379 868 3425 varietas
908 3376 1246 3438 oberratioque
1284 3389 1379 3423 non
1421 3389 1479 3423 ex
1517 3374 1682 3436 aliqua
1719 3374 2067 3436 inaequalitate
2106 3375 2187 3426 vel
2210 3370 2572 3440 perturbatione

338 3457 423 3509 est,
464 3450 548 3499 sed
589 3449 920 3498 admirabilem
960 3450 1008 3496 in
1035 3448 1129 3496 illis
1158 3448 1372 3497 ordinem
1399 3454 1446 3496 et
1472 3448 1830 3496 successionem
1855 3446 2186 3498 demonstrant
2214 3441 2571 3511 astronomiffl),

337 3523 719 3572 circumferentes
768 3522 900 3570 illam
951 3523 1142 3570 circulis
1180 3520 1498 3584 quibusdam,
1545 3522 1627 3582 qui
1663 3533 1750 3583 per
1797 3520 1999 3570 circulos
2046 3521 2172 3571 alios
2207 3515 2570 3582 volvuntur⁸³),

338 3594 421 3642 alii
459 3597 651 3657 penitus
689 3595 998 3655 immobilem,
1038 3595 1122 3643 alii
1160 3594 1557 3656 tranquillissime
1598 3598 1645 3642 et
1672 3591 2064 3654 aequabilissime
2103 3593 2346 3643 celeritate
2384 3587 2573 3655 semper

340 3666 509 3715 eadem
547 3670 594 3714 in
635 3671 923 3717 contrarium
962 3670 1207 3716 nitentem.
1284 3667 1407 3716 Nam
1446 3668 1568 3715 istae
1618 3666 1900 3714 circulorum
1938 3669 1986 3714 in
2025 3667 2148 3716 alios
2200 3668 2486 3716 insertiones
2523 3669 2573 3713 et

338 3740 765 3790 circumductiones
803 3741 1208 3803 habitudinesque
1247 3742 1370 3789 inter
1399 3754 1451 3788 se
1489 3745 1655 3787 mutuo
1696 3738 1830 3786 etad
1867 3754 1956 3788 nos
1993 3741 2082 3788 has
2120 3741 2255 3802 ipsas
2291 3738 2571 3789 altitudines

339 3817 386 3860 et
424 3811 741 3872 humilitates,
795 3828 920 3876 quae
957 3814 1098 3862 nobis
1138 3819 1395 3876 apparent,
1444 3811 1851 3873 latitudinumque
1896 3814 2275 3875 permutationes
2318 3825 2417 3860 uua
2461 3824 2569 3860 cum
2644 3834 2645 3837 =

338 3885 746 3935 circumitionibus
786 3887 891 3949 ejus
929 3887 1194 3936 secundum
1228 3884 1596 3949 longitudinem,
1634 3884 2027 3935 artificiosissime
2072 3879 2444 3950 exprimuntffl).
2508 3882 2571 3930 Et
2641 3899 2645 3917 ‘-
