2652 4088
832 110 981 161 Notae
1007 113 1054 159 in
1083 113 1312 161 Somnium
1339 110 1717 163 Astr'onomicum.
2339 116 2412 174 55

150 257 208 304 14
238 272 345 306 vem
376 257 592 317 gradibus
630 258 766 307 facile
798 265 1044 307 occurrunt
1081 261 1261 320 aliquae
1305 261 1426 307 fixae
1455 262 1671 320 idoneae,
1711 265 1763 306 ut
1802 261 1966 320 quibus
2005 262 2183 309 coelum
2211 263 2410 323 undique

149 338 444 385 conspersum
475 333 559 372 est.

324 395 420 440 137.
453 392 678 451 Quicquid
707 394 843 439 Luna
880 393 1012 441 nobis
1049 391 1271 438 terricolis
1311 393 1470 450 quovis
1509 398 1713 451 tempore
1743 391 2008 451 intersepit‚
2051 395 2171 441 idem
2201 395 2410 443 lunicolis

145 459 191 505 in
223 458 434 516 opposita
471 467 603 516 parte
641 459 857 516 temporis
894 460 1133 517 intersepit
1173 472 1256 505 sua
1286 459 1451 515 Volva,
1493 458 1539 502 id
1580 464 1649 504 est
1679 458 1823 503 Terra
1864 466 2033 507 nostra.
2096 463 2198 507 Jam
2236 463 2410 520 inspice

146 525 476 583 Ephemeridas
506 539 644 583 meas,
675 539 789 583 quas
821 524 940 573 edidi
970 525 1017 569 in
1049 537 1191 569 annos
1222 526 1417 582 futuros,
1449 524 1620 569 videbis
1651 524 1696 568 in
1730 524 1853 569 calce
1884 526 2001 572 hanc
2032 529 2409 582 permutationem

143 591 349 640 fixarum.
385 594 486 649 (Vol
527 597 619 638 VII.
651 609 694 648 p.
716 598 802 639 618
823 589 902 652 ss.)
963 592 1064 637 Una
1104 591 1257 649 aliqua
1297 591 1389 636 fixa
1420 591 1648 648 plerisque
1687 590 1918 636 mensibus
1959 594 2099 638 totius
2131 595 2236 639 anni
2267 596 2409 640 semel

139 657 310 715 tegitur
339 672 367 703 a
397 659 550 710 Luna,
580 659 788 715 sequenti
817 672 934 704 anuo
964 657 1108 703 libera
1137 664 1289 703 manet
1318 659 1398 704 illa
1428 658 1713 714 vicissimque
1745 657 1835 703 alia
1864 658 1983 704 hanc
2015 666 2180 705 sortem
2212 662 2346 707 subit.

316 726 418 772 138.
452 725 665 770 Centrum
693 725 852 770 Lunae
884 725 1065 770 excedit
1096 737 1121 770 e
1153 725 1314 771 semita
1344 725 1581 782 eclipticas
1613 727 1664 771 5⁰
1701 725 1771 770 18⁴
1805 738 2050 782 summum,
2093 728 2163 771 cui
2195 727 2319 772 arcui
2350 728 2407 772 ob

141 791 397 849 parallaxin
425 789 646 836 accedunt
682 791 748 835 15⁴
776 791 968 847 circiter,
999 790 1106 847 quia
1135 790 1468 836 semidiameter
1487 791 1645 836 Lunae
1668 795 1738 835 est
1760 791 1898 847 paulo
1928 793 2072 849 major
2092 799 2254 851 quarta
2278 800 2408 851 parte

142 857 200 904 de
230 858 565 904 semidiametro
597 856 783 902 Terrae.
830 857 935 905 Jam
965 856 1138 902 Volvae
1169 856 1501 902 semidiameter
1531 856 1721 900 visibilis
1755 864 1950 914 occupat
1979 858 2074 902 fere
2106 859 2408 916 quadruplum

141 922 460 973 semidiametri
490 922 650 969 Lunae
677 922 882 976 visibilis,
915 928 967 969 ut
997 922 1057 969 sit
1087 936 1142 968 ea
1171 927 1299 967 tanto
1330 921 1487 978 major,
1521 928 1691 977 quanto
1722 922 1870 967 minor
1897 923 2142 981 parallaxis
2173 926 2218 970 in
2252 926 2410 970 eadem

139 989 433 1048 proportione
477 1001 685 1033 verarum
728 987 1176 1036 semidiametrorum.
1246 988 1319 1033 Ita
1356 987 1597 1044 utrobique
1639 986 1867 1045 colligitur
1911 1003 2086 1036 summa
2126 991 2347 1048 graduum
2379 993 2406 1039 6

141 1068 244 1101 cum
274 1054 439 1099 triente
469 1054 660 1100 circiter.

310 1121 410 1167 139.
446 1119 639 1165 Reditur
667 1120 846 1178 quidem
880 1122 1061 1179 saepius
1092 1120 1151 1166 ad
1186 1121 1382 1177 easdem,
1415 1119 1496 1166 sed
1527 1133 1617 1165 non
1650 1118 1808 1165 eodem
1850 1120 2027 1177 ordine,
2070 1122 2157 1167 nisi
2196 1128 2302 1179 post
2332 1137 2407 1169 ex-

136 1193 287 1234 actum
317 1187 506 1245 cyclum.
568 1187 717 1233 Causa
757 1188 1102 1245 permutationis
1140 1188 1278 1245 huius
1319 1192 1391 1232 est
1432 1186 1648 1232 circuitus
1690 1186 1912 1232 nodorum
1942 1187 2101 1234 Lunae
2139 1188 2187 1234 in
2216 1189 2406 1234 totidem

134 1253 265 1306 annis
294 1253 342 1299 in
372 1253 702 1301 antecedentia.

310 1321 411 1368 140.
440 1320 553 1366 Vide
592 1321 775 1367 schema
817 1320 876 1366 ad
918 1320 1035 1366 hanc
1077 1319 1506 1377 contemplationem
1549 1322 1707 1377 aptum
1743 1317 1984 1375 Epitomes
2026 1320 2151 1367 Astr.
2192 1317 2268 1365 fol.
2303 1320 2403 1366 560.

136 1388 254 1446 (Vol.
286 1391 359 1433 VI.
390 1404 437 1443 p.
467 1389 591 1446 364.)

306 1454 408 1499 141.
442 1454 488 1499 Si
519 1455 636 1500 enim
666 1466 807 1511 penes
839 1467 922 1498 nos
952 1453 1085 1498 Luna
1115 1451 1288 1505 crebro,
1320 1451 1392 1496 die
1423 1451 1641 1498 novilunii
1670 1451 1746 1496 vix
1769 1465 1796 1496 a
1815 1452 1974 1509 paucis
2006 1452 2131 1498 horis
2161 1465 2406 1512 progressa

129 1535 156 1567 e
176 1518 293 1570 Solis
322 1520 485 1578 radiis,
513 1521 712 1578 conspici
742 1526 893 1565 tamen
915 1523 1069 1575 potest
1098 1532 1189 1562 non
1221 1530 1363 1565 cornu
1393 1523 1568 1562 tantum
1600 1517 1867 1569 illuminato,
1899 1517 1980 1562 sed
2012 1519 2147 1577 plane
2177 1525 2274 1567 toto
2308 1532 2405 1563 cor-

125 1600 257 1646 pore,
290 1586 413 1642 quod
443 1593 622 1634 constat
649 1587 749 1633 fieri
778 1599 861 1645 per
889 1584 1262 1631 illuminationem
1284 1597 1310 1628 a
1331 1583 1472 1628 Terra
1501 1583 1822 1641 hemisphaerii
1853 1583 2025 1628 lunaris
2057 1597 2085 1629 a
2108 1584 2212 1630 Sole
2242 1585 2404 1639 aversi,

129 1654 234 1713 quia
271 1653 414 1701 Terra
452 1660 563 1700 tunc
592 1653 774 1711 plenum
813 1651 965 1696 orbem
998 1663 1025 1695 a
1057 1650 1164 1696 Sole
1204 1649 1508 1694 illuminatum
1548 1647 1706 1692 Lunae
1749 1650 1967 1706 obvertit,
2009 1650 2158 1695 lucem
2202 1650 2319 1695 Solis
2357 1650 2404 1695 in

126 1721 304 1769 Lunam
324 1719 576 1767 revibrans:
610 1718 818 1776 equidem
839 1717 1049 1773 analogia
1069 1716 1213 1773 docet,
1247 1714 1370 1760 haud
1392 1714 1628 1760 dissimilia
1649 1714 1801 1760 videre
1823 1715 2044 1760 lunicolas
2074 1716 2119 1759 in
2142 1729 2225 1761 sua
2247 1716 2402 1773 Volva,

129 1797 246 1843 quae
274 1792 432 1831 nostra
461 1791 533 1830 est
561 1785 719 1830 Terra.
762 1784 919 1830 Posito
951 1784 1070 1829 enim
1100 1781 1370 1838 novivolvio,
1403 1789 1599 1838 ponetur
1630 1782 1763 1827 Luna
1793 1782 1922 1827 nobis
1953 1782 2175 1829 terricolis
2207 1783 2404 1828 vicissim

127 1852 278 1910 plena.
318 1851 452 1898 Luna
481 1864 588 1896 vero
621 1849 758 1907 plena
790 1856 962 1906 quanta
993 1849 1199 1895 claritate
1231 1849 1418 1898 Terram
1450 1849 1584 1903 (quae
1614 1848 1913 1894 lunicolarum
1933 1849 2080 1895 Volva
2111 1852 2196 1904 est)
2227 1849 2400 1908 pingat,

126 1918 388 1978 praesertim
418 1918 629 1965 noctibus
658 1917 872 1974 hibernis,
908 1916 1091 1974 quando
1122 1915 1255 1961 Luna
1285 1914 1332 1958 in
1364 1914 1538 1958 Cancro
1568 1914 1783 1960 incedens
1814 1916 1979 1960 Terras
2015 1921 2198 1961 nostras
2230 1929 2286 1960 ex
2306 1917 2401 1962 alto

127 1985 340 2042 irradiat,
382 1985 429 2032 id
458 1986 643 2042 inquam
683 1991 842 2029 notum
873 1989 945 2030 est
974 1983 1197 2029 omnibus.
1259 1980 1383 2026 Nihil
1415 1980 1553 2036 igitur
1584 1980 1771 2027 absurdi
1804 1980 1912 2025 dicit
1943 1980 2021 2037 qui
2058 1980 2276 2038 affirmat,
2317 1982 2397 2027 illo

125 2052 226 2110 ipso
256 2051 424 2096 lumine
453 2051 623 2103 lunari,
666 2050 789 2106 quod
830 2050 960 2097 nobis
991 2054 1169 2093 montes
1213 2052 1258 2091 et
1294 2046 1508 2103 planities
1550 2046 1720 2092 vicinas
1760 2046 1816 2091 de
1857 2053 1990 2092 nocte
2022 2047 2069 2093 in
2101 2054 2399 2104 conspectum

126 2118 323 2172 adducit,
354 2118 544 2163 eandem
575 2116 771 2163 Telluris
797 2114 1045 2172 (lunaribus
1075 2114 1261 2169 Volvae)
1305 2112 1540 2169 planitiem
1584 2112 1879 2169 conspicuam
1917 2125 2019 2158 esse
2052 2125 2196 2168 usque
2226 2113 2272 2157 in
2303 2114 2398 2159 Lu-

125 2196 246 2231 nam.
285 2184 388 2230 Etsi
418 2184 538 2229 enim
557 2184 693 2229 Luna
721 2182 797 2226 vix
828 2181 1166 2238 quindecimam·
1187 2186 1365 2236 partem
1396 2179 1566 2236 excipit
1596 2178 1881 2235 revibratque
1911 2178 2011 2234 ejus
2044 2177 2241 2234 luminis,
2276 2178 2399 2235 quod

125 2250 295 2307 excipit
335 2249 477 2295 Terra
521 2250 579 2295 ab
625 2248 784 2295 eodem
827 2248 953 2306 Sole,
1000 2254 1049 2293 at
1080 2247 1276 2293 vicissim
1307 2245 1476 2291 Terrae
1518 2245 1662 2302 ipsius
1700 2244 1852 2289 vultus
1893 2244 2151 2301 quindecim
2193 2246 2400 2302 partibus

124 2316 367 2374 spatiosior
397 2323 468 2363 est
496 2314 807 2361 habitantibus
827 2316 1017 2372 Lunam,
1051 2328 1186 2371 quam
1217 2314 1348 2359 nobis
1380 2311 1606 2358 terricolis
1635 2312 1781 2357 Luna.
1823 2311 1900 2356 Fit
1931 2323 2039 2367 ergo
2072 2312 2398 2369 compensatiO.

122 2381 256 2427 Adde
284 2395 406 2429 nunc
435 2395 576 2427 cornu
607 2380 831 2436 lucidum,
871 2380 993 2438 quod
1025 2380 1168 2425 Volva
1199 2379 1256 2426 ob
1289 2378 1615 2436 digressionem
1658 2378 1705 2422 in
1735 2377 1877 2423 latum
1909 2373 1936 2422 a
1965 2379 2037 2423 via
2070 2379 2188 2425 Solis
2218 2392 2399 2425 rursum

124 2446 428 2505 quindecuplo
459 2446 626 2494 clarius
659 2452 862 2493 ostentat
891 2446 1128 2504 lunicolis,
1173 2458 1310 2503 quam
1340 2443 1469 2488 nobis
1502 2444 1723 2494 terricolis
1754 2445 1887 2490 Luna
1920 2458 2067 2490 suum.
2129 2446 2192 2490 Et
2223 2446 2280 2492 ad
2312 2446 2399 2491 hoc

122 2512 293 2559 Volvae
324 2527 464 2560 cornu
494 2513 739 2571 praecipue
771 2519 949 2569 spectat
978 2526 1067 2557 vox
1096 2514 1206 2570 fere.
1270 2509 1461 2566 Quando
1493 2510 1611 2556 enim
1643 2509 1837 2564 latitudo
1869 2512 2014 2570 nulla,
2057 2512 2229 2558 nullum
2262 2513 2399 2559 etiam

126 2580 174 2626 in
202 2580 534 2637 conjunctionis
566 2579 757 2626 articulo
789 2578 1020 2625 residuum
1051 2586 1123 2625 est
1153 2592 1313 2624 cornu.

300 2648 397 2693 142.
432 2646 605 2693 Ceteris
645 2646 763 2694 enim
801 2646 912 2692 locis
959 2646 1006 2692 in
1035 2647 1169 2692 Luna
1210 2643 1342 2690 simul
1385 2646 1610 2700 apparent
1649 2643 1695 2689 in
1736 2644 1929 2690 articulo
1970 2645 2213 2690 novivolvii
2243 2645 2319 2691 Sol
2352 2651 2398 2693 et

123 2712 289 2771 Volva,
323 2714 402 2759 ubi
433 2714 472 2760 si
503 2713 561 2760 ob
592 2713 845 2760 claritatem
877 2712 995 2758 Solis
1026 2710 1281 2769 praesentis
1312 2709 1592 2759 corniculum
1623 2711 1802 2767 Lunae,
1836 2711 1958 2768 quod
1992 2712 2034 2755 ei
2064 2712 2295 2758 residuum
2327 2718 2399 2758 est

125 2780 183 2825 ob
212 2780 518 2838 latitudinem,
561 2794 652 2826 non
683 2781 905 2837 cernitur,
945 2778 991 2823 id
1023 2778 1076 2823 fit
1106 2791 1163 2823 ex
1193 2775 1445 2824 rationibus
1476 2776 1611 2827 visus.
1673 2777 1735 2822 At
1765 2778 1844 2835 iis,
1878 2778 1955 2834 qui
1987 2777 2106 2823 inter
2135 2777 2268 2837 polos
2299 2780 2398 2827 viae

122 2846 280 2892 Lunae
307 2853 356 2893 et
383 2846 483 2892 viae
516 2847 633 2892 Solis
665 2847 895 2901 habitant,
931 2843 1007 2890 Sol
1042 2844 1224 2900 quidem
1256 2843 1303 2887 in
1334 2841 1434 2898 ipso
1467 2842 1653 2890 meridie
1685 2857 1767 2890 suo
1789 2845 1873 2890 sub
1894 2845 2129 2891 horizonte
2151 2851 2234 2902 est,
2266 2845 2398 2892 Luna

121 2911 260 2969 paulo
292 2925 431 2970 supra
460 2913 761 2958 horizontem:
795 2917 921 2957 tanto
953 2911 1089 2968 igitur
1121 2908 1372 2955 evidentius
1405 2910 1665 2966 conspicua.

295 2980 399 3024 143.
431 2979 479 3025 Si
519 2979 609 3026 diei
647 2978 917 3037 principium
959 2976 1005 3022 id
1049 2981 1283 3031 censetur,
1330 2975 1451 3031 quod
1483 2975 1633 3021 Solem
1672 2975 1864 3033 primum
1907 2975 2029 3021 sistit
2068 2975 2116 3021 in
2145 2975 2393 3035 horizonte,

124 3045 332 3102 equidem
364 3046 494 3091 Luna
524 3046 568 3090 in
601 3046 639 3091 E
671 3046 817 3103 prima
847 3042 1021 3101 quadra
1051 3047 1275 3095 versante,
1307 3040 1490 3099 quando
1523 3042 1716 3098 angulus
1742 3041 1864 3086 ΑΕΒ
1895 3042 2259 3092 connectentium
2291 3054 2394 3088 cum

124 3116 280 3157 centro
308 3112 467 3158 Lunae
498 3113 537 3157 E
570 3119 726 3159 centra
746 3111 864 3158 Solis
886 3112 925 3156 Α
957 3116 1004 3155 et
1026 3110 1193 3154 Terrae
1218 3109 1253 3153 B
1276 3116 1428 3154 rectus
1461 3114 1545 3162 est,
1580 3108 1714 3154 etiam
1747 3107 2028 3161 tangentium
2050 3120 2214 3163 corpus
2236 3107 2395 3152 Lunae

123 3176 203 3221 AL
233 3177 386 3233 anguli
423 3179 535 3224 recti
574 3185 709 3224 erunt
747 3178 963 3236 proxime.
1027 3176 1130 3221 Jam
1174 3175 1213 3220 si
1250 3174 1406 3220 radius
1448 3187 1505 3218 ex
1547 3182 1704 3219 centro
1749 3173 1867 3219 Solis
1900 3173 2067 3218 Terrae
2107 3172 2392 3229 superficiem

124 3241 385 3297 contigerit,
418 3242 495 3289 Sol
527 3244 785 3290 censebitur
811 3244 857 3288 in
890 3242 1124 3288 horizonte
1156 3254 1257 3287 esse
1288 3241 1411 3286 illius
1440 3240 1529 3285 loci
1559 3241 1752 3295 Terrae,
1795 3253 1929 3295 quem
1961 3239 2113 3296 signat
2143 3244 2393 3285 contactus.

124 3308 299 3354 Eadem
328 3309 465 3365 igitur
494 3309 550 3357 de
580 3324 718 3356 causa
749 3310 883 3355 etiam
913 3309 1012 3353 loco
1047 3308 1203 3352 Lunae
1235 3308 1296 3360 L,
1330 3308 1405 3363 qui
1438 3306 1714 3362 contingitur
1744 3305 1799 3350 ab
1832 3306 1925 3358 AL,
1965 3306 2039 3350 Sol
2081 3305 2124 3350 in
2157 3305 2393 3352 horizonte

124 3386 224 3419 esse
254 3375 532 3428 censebitur,
563 3380 613 3421 et
642 3382 767 3420 recta
796 3388 854 3420 ex
878 3374 919 3419 E
950 3380 1105 3419 centro
1136 3373 1296 3417 Lunae
1327 3385 1409 3429 per
1439 3379 1695 3417 contactum
1718 3372 1754 3415 L
1788 3372 1923 3417 ducta
1952 3370 1998 3414 in
2030 3370 2214 3416 Terram
2245 3371 2392 3427 signa·

123 3439 192 3486 bit
221 3438 342 3485 illius
373 3438 462 3484 loci
490 3440 662 3485 lunaris
692 3441 920 3486 verticem.
964 3438 1287 3494 Ergoaequibus
1320 3446 1427 3484 tunc
1448 3438 1593 3484 Volva
1622 3437 1669 3482 in
1700 3438 1882 3494 vertice,
1912 3436 1967 3483 iis
1991 3436 2068 3483 Sol
2101 3442 2171 3485 est
2200 3437 2246 3484 in
2267 3438 2389 3484 hori-

129 3511 275 3561 zonte,
306 3503 351 3548 id
384 3509 455 3549 est
486 3504 657 3550 habent
685 3505 749 3550 illi
780 3505 955 3549 initium
987 3514 1095 3549 tunc
1126 3503 1227 3548 diei.

298 3569 396 3617 144.
431 3569 640 3615 Vicissim
670 3569 835 3626 quibus
866 3569 1076 3615 lunicolis
1115 3574 1320 3624 tempore
1357 3568 1557 3626 quadrae
1587 3570 1730 3615 Volva
1769 3570 1815 3615 in
1847 3569 2078 3616 horizonte
2117 3576 2309 3628 apparet
2338 3576 2389 3617 ut

124 3639 173 3684 in
202 3635 255 3693 Ο,
285 3635 333 3681 in
373 3648 527 3680 eorum
569 3636 754 3693 regione
800 3636 914 3682 radii
954 3635 1126 3680 Volvae
1156 3634 1231 3679 Bo
1274 3635 1425 3680 orbem
1465 3635 1622 3680 Lunae
1666 3636 1932 3689 contingunt
1972 3641 2019 3682 et
2055 3642 2177 3682 recta
2207 3637 2288 3683 EO
2331 3650 2388 3681 ex

126 3710 283 3749 centro
313 3703 472 3748 Lunae
505 3702 544 3747 Ε
576 3714 657 3759 per
686 3707 943 3747 contactum
975 3701 1012 3746 Ο
1045 3701 1193 3758 eiecta
1223 3700 1332 3747 facit
1362 3699 1574 3755 angulum
1605 3699 1641 3745 Ο
1673 3709 1868 3746 rectum:
1909 3714 2015 3758 ergo
2047 3715 2147 3748 cum
2178 3702 2252 3748 hic
2283 3715 2386 3746 con-

124 3774 276 3816 tactus
305 3782 407 3815 sese
438 3766 663 3813 diffundat
701 3767 747 3812 in
778 3767 996 3813 circulum
1027 3767 1251 3825 integrum
1283 3765 1485 3823 corporis
1524 3766 1693 3813 lunaris
1737 3767 1978 3812 maximum
2011 3766 2127 3825 fere,
2172 3769 2257 3814 erit
2287 3769 2386 3824 ejus

126 3834 311 3894 aliquod
340 3842 583 3895 punctum,
622 3847 707 3894 per
735 3832 859 3893 quod
898 3833 1037 3880 ducta
1068 3846 1124 3879 ex
1154 3834 1195 3879 E
1224 3832 1396 3880 incidat
1422 3832 1470 3878 in
1508 3831 1776 3891 eclipticam.
1838 3832 1906 3883 Sit
1934 3832 1980 3880 id
2011 3832 2061 3879 Ο.
2111 3834 2247 3881 Locis
2279 3847 2383 3880 vero
