2652 4088
301 158 410 215 198
899 153 1190 200 Collectanea
1220 166 1278 200 ex
1307 154 1540 202 codicibus
1568 151 1960 200 Pulkoviensibus.

303 311 343 356 si
381 320 583 357 necesse
625 310 712 366 est,
755 304 1048 353 demittitur:
1091 317 1186 365 quo
1213 309 1360 366 pacto
1387 302 1789 366 obliquangulum
1828 303 2195 352 transformatur
2231 303 2280 350 in
2309 308 2338 351 2
2365 307 2559 352 rectan-
2650 320 2652 324 ¹

301 381 417 442 gula
455 379 595 438 talia,
644 383 699 426 ut
735 393 884 426 unum
925 391 1091 425 eorum
1129 375 1310 425 habeat
1345 383 1536 439 praeter
1570 383 1756 427 rectum
1794 377 2026 439 angulum
2065 376 2160 425 duo
2211 378 2427 438 cognita,
2479 389 2560 424 re·
2648 387 2652 390 ·

300 455 487 515 liquum
514 450 750 500 beneficio
778 450 922 513 hujus
949 451 1257 497 nanciscatur
1294 451 1343 496 in
1375 451 1530 512 prima
1569 451 1850 512 operatione
1889 451 2037 498 etiam
2063 449 2159 498 duo
2185 451 2381 512 cognita
2415 463 2561 511 prae-

301 533 373 575 ter
410 531 610 573 rectum.
686 523 763 571 Ita
802 523 992 571 duabus
1030 536 1118 584 pro
1157 537 1256 570 una
1294 524 1658 585 operationibus
1696 524 2019 586 investigatur
2058 524 2349 585 quaesitum.

482 595 625 646 Unde
665 598 814 644 scitur
852 594 1148 656 triangulum
1199 610 1306 644 esse
1347 595 1747 659 obliquangulum
1795 596 1876 644 vel
1914 594 2287 658 rectangnlum?
2347 593 2564 643 Rectan-
2647 592 2652 626 -’

303 670 422 734 gula
460 676 515 718 ut
552 669 813 732 plurimum
855 684 915 717 ex
954 669 1336 729 constructione,
1385 669 1479 719 hoc
1517 676 1591 719 est
1629 684 1688 718 ex
1728 670 1922 731 cognito
1962 668 2144 731 angulo
2183 673 2313 717 recto
2354 682 2566 730 cognos-
2648 676 2652 677 ’

307 750 496 793 cuntur.
562 742 615 791 Si
654 756 771 790 vero
813 756 870 790 ex
911 742 1064 789 tribus
1105 743 1366 803 incognitis
1405 742 1613 804 angulus
1641 755 1766 789 unus
1791 744 1871 803 sit,
1910 741 1968 790 de
2009 756 2106 804 quo
2134 741 2394 801 dubitetur,
2434 739 2566 803 quod

301 831 411 866 raro
450 816 526 876 fit,
579 816 714 863 varie
755 813 1124 863 discernendum
1164 817 1253 863 erit
1302 829 1360 863 ex
1400 816 1504 878 ejus
1542 815 1772 877 trianguli
1811 816 2034 877 cognitiS.
2110 814 2235 863 Nam
2273 816 2317 862 si
2353 813 2482 862 latus
2521 815 2594 862 eis

304 891 583 953 oppositum
622 887 781 950 majus
831 892 906 936 est
955 887 1250 949 quadrante,
1303 889 1512 951 angulus
1552 889 1807 951 oppositus
1846 889 1935 936 erit
1978 889 2208 949 obtusus,
2258 901 2350 936 nec
2389 889 2566 950 poterit

302 964 586 1027 primarium
625 959 920 1023 triangulum
959 961 1140 1008 habere
1179 965 1363 1009 rectum
1403 961 1651 1024 angulum.
1718 960 1785 1008 At
1823 963 1865 1008 si
1903 963 1996 1010 tria
2032 960 2186 1010 latera
2224 961 2419 1024 cognita
2458 974 2567 1010 om-

302 1038 385 1086 nia
423 1041 536 1084 sunt
575 1034 700 1082 infra
740 1032 1073 1096 quadrantem,
1115 1033 1413 1096 triangulum
1453 1041 1527 1083 est
1563 1033 1926 1096 acutangulum.
2647 1075 2652 1090 ‚

485 1107 742 1170 Quomodo
794 1105 1066 1168 rectanguli
1112 1106 1354 1169 sphaerici
1392 1107 1548 1156 latera
1592 1106 1944 1156 nominantur?
2007 1107 2323 1156 Recentiores
2362 1105 2567 1156 distinc-
2650 1102 2652 1106 ’

303 1183 450 1231 tionis
504 1195 652 1230 causa
703 1181 833 1228 latus
874 1182 1151 1242 oppositum
1197 1186 1330 1228 recto
1383 1180 1564 1244 angulo
1605 1180 1856 1244 appellant
1908 1180 2064 1242 basin,
2112 1194 2210 1229 non
2250 1194 2367 1230 vero
2406 1179 2565 1244 latus;
2650 1207 2652 1209 ·

304 1270 430 1319 quae
469 1268 586 1303 vero
625 1259 808 1302 rectum
846 1253 1069 1313 formant,
1111 1253 1394 1315 simpliciter
1430 1254 1587 1302 latera
1626 1253 1950 1317 appellantur.

485 1327 617 1390 Quot
654 1328 802 1390 igitur
841 1327 1060 1374 oriuntur
1096 1326 1279 1375 formae
1319 1327 1646 1388 investigandi
1688 1328 1936 1389 incognita
1972 1324 2279 1388 rectanguli‘?
2326 1324 2565 1375 Sedecim.

302 1403 427 1451 Nam
466 1402 509 1450 si
546 1401 679 1449 basis
719 1399 1063 1462 investiganda
1101 1406 1190 1461 est,
1227 1400 1413 1450 formae
1452 1406 1564 1449 sunt
1603 1407 1841 1464 quatuor;
1880 1401 1922 1448 si
1958 1399 2105 1462 latuS,
2144 1400 2327 1450 formae
2365 1399 2569 1466 se132si
2647 1467 2649 1470 .

306 1474 530 1539 anguluS,
569 1474 752 1522 formae
791 1472 959 1522 itidem
998 1487 2652 1522 sex..

485 1547 630 1595 Basis
683 1549 807 1595 enim
859 1547 1078 1608 arguitur
1121 1549 1166 1595 1.
1196 1545 1276 1595 vel
1316 1559 1376 1595 ex
1416 1551 1623 1609 utroque
1660 1545 1837 1606 latere,
1892 1546 1940 1593 2.
1982 1544 2062 1595 vel
2102 1560 2162 1595 ex
2200 1545 2354 1595 latere
2394 1550 2442 1594 et
2480 1559 2573 1594 an·
2638 1567 2647 1572 ·*

304 1621 420 1686 gulo
460 1621 725 1684 oppositis,
780 1624 826 1671 3.
867 1619 944 1668 vel
986 1634 1044 1669 ex
1092 1619 1242 1668 latere
1282 1623 1331 1670 et
1368 1618 1548 1682 angulo
1588 1633 1685 1669 non
1725 1618 1993 1682 oppositis,
2050 1623 2098 1668 4.
2140 1618 2219 1669 vel
2268 1633 2327 1668 ex
2364 1624 2571 1683 utroque

305 1710 365 1745 an
403 1694 502 1747 ulo,
2643 1691 2652 1745 2

370 1711 400 1759 g
485 1767 548 1815 Et
583 1765 714 1814 latus
761 1765 980 1827 arguitur
1033 1767 1080 1814 5.
1122 1764 1201 1813 vel
1242 1779 1300 1815 ex
1338 1764 1449 1814 basi
1500 1770 1548 1814 et
1598 1765 1751 1814 latere
1789 1763 1999 1827 reliquo,
2056 1769 2102 1814 6.
2145 1764 2224 1814 vel
2263 1779 2323 1815 ex
2370 1764 2480 1814 basi
2521 1770 2571 1815 et
2631 1787 2652 1805 «τ

305 1840 487 1904 angulo
528 1839 622 1887 sibi
662 1839 913 1901 opposit0,
970 1843 1017 1887 7.
1058 1837 1142 1887 vel
1181 1853 1241 1886 ex
1278 1839 1386 1887 basi
1426 1843 1474 1887 et
1512 1837 1691 1902 angulo
1730 1838 1824 1886 sibi
1862 1852 1959 1885 nen
1998 1840 2250 1902 opposit0,
2305 1842 2352 1887 8.
2393 1837 2474 1888 vel
2512 1853 2571 1888 ex

302 1915 452 1964 latere
490 1912 680 1975 reliquo
721 1918 770 1960 et
807 1910 988 1974 angulo
1030 1913 1285 1974 oppositis,
1328 1917 1376 1961 9.
1417 1911 1497 1962 vel
1536 1926 1595 1961 ex
1634 1911 1785 1961 latere
1823 1910 2011 1974 reliquo
2051 1918 2100 1961 et
2137 1911 2318 1975 angulo
2357 1926 2453 1961 non
2480 1926 2572 1976 op·
2640 1914 2649 1962 J

303 1988 508 2053 positis3
553 1991 635 2034 10.
674 1983 753 2033 vel
794 1999 851 2033 ex
891 1992 1099 2047 utroque
1139 1984 1340 2048 angulo,
2636 1976 2645 2049 f¹

487 2057 711 2122 Angulus
752 2071 865 2107 vero
905 2059 1121 2120 arguitur
1165 2063 1245 2106 11.
1287 2057 1366 2107 vel
1405 2073 1463 2107 ex
1503 2057 1611 2106 basi
1651 2062 1699 2106 et
1738 2056 1891 2106 latere
1929 2058 2024 2107 sibi
2063 2059 2324 2121 opposito,
2366 2062 2450 2107 12.
2490 2057 2572 2108 vel
2629 2051 2639 2064 '

306 2149 366 2184 ex
403 2133 511 2182 basi
551 2138 599 2182 et
636 2131 788 2181 latere
817 2131 910 2180 sibi
947 2145 1044 2179 non
1084 2133 1326 2194 opposit0,
1371 2134 1450 2183 13.
1479 2130 1559 2180 vel
1587 2146 1645 2180 ex
1674 2131 1782 2179 basi
1821 2136 1870 2179 et
1907 2131 2089 2195 angulo
2128 2131 2333 2195 reliquo,
2379 2135 2461 2181 14.
2491 2130 2572 2181 vel
2635 2123 2642 2145 ³

311 2223 371 2257 ex
417 2206 570 2255 latere
621 2210 668 2253 et
716 2204 894 2266 angulo
944 2206 1207 2267 oppositis,
1267 2205 1350 2255 15.
1391 2204 1472 2254 vel
1520 2219 1581 2254 ex
1629 2203 1782 2254 latere
1830 2210 1878 2253 et
1931 2204 2111 2269 angulo
2165 2219 2263 2255 non
2316 2206 2571 2269 oppositis,
2649 2232 2652 2233 ν

314 2286 396 2331 16.
438 2279 518 2329 vel
558 2295 618 2330 ex
657 2284 865 2340 utroque
903 2278 1070 2327 latere.

486 2353 550 2400 Et
588 2351 822 2414 intellige,
862 2351 1043 2414 ubique
1083 2356 1266 2400 rectum
1305 2350 1538 2414 angulum
1578 2365 1685 2400 esse
1724 2351 1917 2399 tertium
1958 2364 2017 2400 ex
2057 2349 2200 2400 datis·

486 2425 610 2474 Cum
647 2439 765 2474 casu
804 2431 941 2473 sexto
981 2425 1111 2472 latus
1152 2440 1210 2473 ex
1249 2425 1429 2487 angulo
1471 2426 1698 2488 opposito
1738 2430 1787 2472 et
1825 2425 1931 2472 basi
1971 2426 2249 2487 quaeritur,
2289 2438 2418 2487 quae
2459 2429 2573 2474 tunc

305 2505 379 2550 est
416 2497 622 2561 regula?
686 2497 780 2546 Hic
821 2512 962 2546 casus
1002 2498 1130 2546 cadit
1168 2500 1216 2545 in
1255 2497 1532 2561 generalem
1573 2498 1897 2561 oppositionis
1940 2496 2146 2547 laterum
2186 2503 2234 2546 et
2263 2491 2641 2569 angulorum.‚7.·'

307 2572 405 2622 Sed
443 2578 517 2620 est
556 2573 603 2618 in
642 2571 924 2633 rectangnlo
966 2571 1159 2620 brevior
1198 2572 1295 2619 via.
1371 2571 1496 2620 Nam
1537 2571 1748 2634 angulus
1790 2577 1837 2618 et
1877 2571 2012 2619 basis
2050 2569 2320 2630 adduntur,
2373 2570 2571 2620 subtra-
2627 2576 2638 2611 l

304 2647 484 2695 huntur
520 2646 743 2693 invicem.
811 2642 996 2706 Quodsi
1038 2651 1355 2706 aggregatum
1396 2651 1469 2693 est
1507 2646 1664 2692 minus
1705 2642 2001 2706 quadrante,
2054 2645 2189 2692 sinus
2230 2644 2573 2708 complementi

277 2719 560 2782 ‚aggregati
597 2718 809 2765 aufertur
845 2731 876 2765 a
913 2718 1024 2764 sinu
1063 2718 1403 2780 complementi
1443 2716 1753 2766 differentiae.
1819 2716 1904 2765 Sin
1940 2716 2098 2779 majus
2139 2723 2213 2765 est
2252 2723 2572 2780 aggregatum
2624 2727 2631 2769 j

308 2791 600 2855 quadrante,
655 2792 789 2837 sinus
829 2789 1169 2853 complementi
1221 2793 1472 2853 aggregati
1515 2790 1711 2838 additur
1750 2789 1814 2837 ad
1851 2791 2010 2837 sinum
2051 2790 2391 2853 complementi
2433 2790 2572 2839 diffe-

305 2867 508 2914 rentiae.
582 2863 721 2912 Tunc
760 2862 1011 2911 dimidium
1051 2863 1151 2912 illic
1190 2863 1399 2923 residui,
1451 2864 1528 2911 hic
1574 2877 1792 2911 summae
1842 2868 1915 2911 est
1963 2865 2100 2911 sinus
2146 2864 2314 2914 lateris
2365 2865 2572 2914 investi·
2616 2910 2620 2914 .

308 2939 474 3003 gandi.
551 2936 768 2986 Clariora
805 2936 928 2986 haec
966 2941 1078 2985 sunt
1116 2938 1163 2984 in
1202 2938 1418 3000 synopsi.
1473 2939 1564 2995 (Nil
1594 2939 1820 2995 sequitur.)
