2652 4088
302 235 412 293 258
893 230 1188 278 collectanea
1221 242 1278 276 ex
1308 205 1539 277 codicibus
1568 215 1962 278 PulkoviensibuS.

304 383 437 444 add„
476 380 746 430 ascendens
782 380 932 430 habet
966 381 1119 440 subt„
1159 377 1376 441 intellige
1408 377 1599 428 mediae
1635 379 1715 429 vel
1750 379 1979 443 temporis
1991 394 2004 441 ;
2043 379 2086 427 si
2115 379 2220 442 jam
2257 377 2554 429 descendens

304 457 454 505 habet
480 457 758 518 perigaeum
785 453 993 514 solutae,
1020 453 1195 501 minuit
1220 465 1387 500 exsors
1404 453 1772 514 aequationem,
1807 453 1981 500 minuit
2005 452 2152 514 igitur
2177 453 2323 502 etiam
2347 452 2557 502 mediam

302 529 643 591 aequationem
669 527 787 576 add.
816 527 1068 587 affectam3
1109 531 1158 574 et
1183 525 1398 575 vicissim
1436 530 1585 587 auget
1624 525 1823 575 alterius
1849 524 2139 573 semicirculi
2163 524 2556 588 subtrahendam,

300 601 352 649 id
390 601 675 650 estvminuit
711 606 761 649 et
806 602 913 663 ipsa
949 598 1175 647 mediam.
1250 597 1376 646 Ecce
1427 611 1574 660 quam
1613 598 1696 646 diu
1746 612 2020 662 apogaeum
2066 604 2140 647 est
2186 600 2236 645 in
2273 598 2558 648 ascendenti

297 673 625 733 semicirculo,¹
643 687 809 722 exsors
835 687 920 736 per
947 686 1138 720 omnem
1166 670 1447 719 distantiam
1471 667 1541 736 ᾧ
1570 685 1600 719 3
1626 669 1696 737 Θ
1722 671 1870 720 habet
1896 676 2119 734 respectu
2144 670 2332 720 mediae
2360 672 2555 720 titulum

301 746 522 798 eundem.
583 746 760 795 Posset
785 747 932 807 igitur
957 746 1162 793 exsortis
1200 742 1372 792 titulus
1411 744 1594 808 imponi
1633 745 1892 793 distantiae
1918 740 1987 809 Q
2019 759 2050 792 a
2081 744 2161 806 Θ.
2225 744 2292 792 At
2331 747 2449 807 quia
2485 746 2557 794 sic

296 821 373 870 bis
412 826 702 883 aequaretur
738 818 824 866 illa
862 817 1108 866 anomalia
1146 831 1232 880 per
1267 821 1569 878 menstruas,
1624 822 1672 867 et
1710 819 1826 879 quia
1864 816 1987 865 alias
2028 818 2257 880 aequatio
2297 816 2577 881 antequam

301 895 453 942 utaris
492 898 566 941 est
604 890 902 955 corrigenda,
943 890 1054 940 ideo
1092 890 1393 952 relinquatur
1431 891 1610 938 exserti
1646 890 1814 938 titulus
1852 895 2078 953 respectu
2116 892 2437 953 aequationis.
2479 942 2484 945 ,

480 964 726 1027 Quamdiu
776 966 924 1027 igitur
978 962 1275 1013 descendens
1322 963 1593 1024 argumenti
1641 963 1792 1012 habet
1828 964 2110 1027 perigaeum
2160 962 2350 1013 solutae
2390 964 2561 1028 (habet

296 1043 459 1088 autem
495 1038 547 1086 id
584 1044 772 1087 tantum
811 1051 896 1102 per
935 1037 1253 1100 quadrantem
1289 1036 1590 1096 inferiorem,
1630 1036 1752 1085 alias
1791 1038 1832 1083 si
1869 1036 2070 1085 haberet
2107 1051 2192 1100 per
2239 1036 2558 1099 quadrantem

298 1113 612 1176 superiorem,
651 1111 789 1160 fieret
825 1109 1140 1174 ascendens),
1180 1110 1352 1157 minuit
1390 1122 1555 1158 exsors
1593 1110 1933 1172 aequationem
1973 1108 2370 1171 descendentem,
2413 1118 2562 1173 auget

298 1184 665 1245 ascendentem,
719 1183 767 1231 id
817 1189 890 1232 est
927 1199 957 1232 a
997 1183 1229 1231 distantia
1261 1179 1331 1248 Θ
1368 1182 1431 1231 ab
1468 1196 1691 1246 apogaeo
1716 1179 1786 1248 ᾧ
1827 1189 1856 1231 0
1897 1181 1960 1230 ad
2001 1188 2085 1243 90,
2124 1184 2194 1231 sic
2231 1184 2376 1233 etiam
2415 1198 2445 1232 a
2483 1184 2561 1232 di-

297 1259 479 1307 stantia
509 1270 567 1310 σο
605 1255 674 1323 Θ
701 1258 764 1306 ab
803 1270 1026 1321 apogaeo
1051 1253 1122 1322 Q
1152 1261 1181 1304 0
1209 1255 1272 1304 ad
1302 1260 1385 1316 90,
1424 1254 1471 1303 h.
1513 1270 1557 1305 e.
1597 1271 1627 1304 a
1651 1255 1885 1304 distantia
1916 1256 1977 1317 Θ
2006 1256 2069 1304 ab
2107 1270 2330 1320 apogaeo
2353 1253 2423 1324 Q
2456 1262 2556 1307 180

297 1330 361 1380 ad
401 1336 527 1381 270.
605 1332 668 1379 Et
706 1329 940 1393 quamdiu
991 1328 1287 1379 descendens
1335 1330 1607 1390 argumenti
1652 1328 1803 1378 habet
1849 1343 2123 1393 apogaeum
2163 1329 2354 1379 solutae
2392 1330 2560 1397 (habet

297 1408 461 1453 autem
499 1402 550 1452 id
587 1409 779 1453 tantum
816 1418 902 1467 per
934 1402 1253 1466 quadrantem
1290 1402 1632 1466 superiorem),
1673 1407 1820 1465 auget
1858 1416 2024 1451 exsors
2063 1404 2408 1465 aequationem
2447 1402 2560 1453 des-

300 1477 610 1539 cendentem,
668 1478 843 1525 minuit
890 1475 1262 1536 ascendentem,
1301 1475 1350 1523 id
1389 1480 1462 1523 est
1498 1490 1529 1524 a
1566 1475 1798 1525 distantia
1823 1473 1892 1542 Θ
1919 1476 1981 1524 ab
2021 1490 2244 1540 apogaeo
2271 1473 2341 1543 Q
2370 1482 2472 1526 270
2511 1479 2557 1525 in

299 1555 401 1601 360
441 1550 523 1600 vel
562 1556 608 1612 0,
649 1556 698 1600 et
737 1565 768 1599 a
807 1554 873 1598 90
913 1551 961 1597 in
1001 1554 1119 1599 180.
1185 1549 1313 1611 Ergo
1338 1554 1726 1611 superponantur
1762 1548 1871 1596 dist.
1903 1549 1966 1633 Θ
1998 1550 2060 1598 ab
2086 1563 2307 1613 apogaeo
2333 1546 2403 1616 Θ
2431 1549 2559 1599 tituli

295 1625 476 1688 gemini
513 1625 606 1673 sic.
713 1644 757 1685 S
818 1643 873 1684 A
1004 1629 1062 1685 'A
1151 1643 1196 1682 s,
1256 1621 1362 1669 Imo
1401 1627 1787 1686 superponantur
1824 1623 1942 1685 ipsis
1981 1623 2269 1685 exsortibus,
2311 1626 2428 1686 quia
2466 1638 2554 1672 ex-

693 1703 900 1802 ἐθίζῃ.
978 1701 1210 1743 360180.
1257 1699 1514 1757 cerpuntur
1561 1710 1646 1759 per
1685 1695 1795 1744 dist.
1821 1693 1981 1780 Θ3ῐ)
2020 1692 2356 1763 3110833οΦ.
2418 1695 2558 1746 Tunc

977 1762 1075 1801 270.
1139 1761 1208 1801 90.
1254 1767 1383 1830 prior
1422 1767 1591 1816 titulus
1641 1768 1771 1817 valet
1819 1770 1868 1815 in
1913 1768 2227 1818 descendenti
2277 1785 2363 1819 seu
2403 1771 2558 1834 primo

295 1840 625 1902 semicircu10,
664 1842 904 1906 posterior
949 1841 998 1888 in
1036 1839 1192 1889 altero
1231 1838 1526 1901 ascendenti,
1568 1847 1615 1890 et
1651 1842 1847 1905 respicit
1884 1844 2225 1905 aequationem
2265 1843 2439 1907 ipsam.
2499 1843 2563 1892 Et

297 1917 414 1980 quia
450 1922 787 1978 argumentum
814 1915 985 1978 incipit
1011 1928 1041 1962 a
1072 1913 1156 1975 Θ,
1196 1912 1428 1977 quamdiu
1451 1911 1516 1977 Θ
1543 1919 1618 1963 est
1655 1915 1718 1963 ab
1752 1928 1972 1978 apogaeo
1998 1911 2067 1980 ᾧ
2094 1917 2216 1964 inter
2244 1920 2364 1977 270,
2395 1921 2442 1977 0,
2472 1921 2556 1977 90,

296 2003 410 2052 ergo
448 1988 529 2037 hic
567 2002 750 2051 argum.
793 1986 921 2037 desc.
962 1993 1036 2036 est
1074 1986 1214 2036 Luna
1253 2000 1486 2036 crescens.
1563 1987 1641 2037 Ita
1679 1986 1956 2049 conficitur,
2005 1995 2060 2037 ut
2097 2004 2129 2038 a
2164 1993 2195 2036 0
2223 1988 2272 2036 in
2313 1994 2378 2038 90
2427 2003 2560 2039 cres-

296 2067 436 2112 cente
469 2057 539 2127 &
578 2061 743 2111 valeat
780 2060 841 2123 S,
882 2060 1188 2110 decrescente
1228 2061 1300 2121 A,
1355 2064 1404 2108 et
1442 2073 1472 2108 a
1513 2064 1615 2109 270
1668 2061 1717 2108 in
1759 2065 1862 2110 360
1903 2067 2146 2111 crescente
2179 2057 2249 2128 Q
2290 2061 2455 2111 valeat
2495 2063 2560 2123 A,

294 2134 602 2184 decrescente
629 2134 682 2184 S.
745 2133 828 2183 Sic
866 2135 982 2197 quia
1020 2148 1123 2196 arg.
1162 2133 1334 2196 incipit
1370 2132 1434 2181 ab
1469 2143 1525 2187 00
1558 2132 1640 2198 Θ,
1681 2133 1914 2197 quamdiu
1940 2132 2010 2201 Θ
2037 2141 2111 2184 est
2148 2135 2210 2183 ab
2238 2150 2461 2199 apogaco
2488 2131 2557 2201 ᾧ

294 2209 422 2257 inter
450 2213 533 2269 90,
566 2211 697 2270 180,
734 2210 854 2268 270,
896 2221 1011 2269 ergo
1049 2206 1130 2255 hic
1168 2207 1441 2268 argumenti
1480 2205 1779 2257 descendens
1818 2214 1892 2256 est
1930 2208 2070 2258 Luna
2109 2207 2406 2261 decrescens,
2483 2208 2562 2258 Ita

296 2280 575 2342 conficitur,
614 2286 670 2329 ut
707 2280 770 2329 ab
814 2285 914 2330 180
955 2282 1004 2327 in
1046 2285 1149 2329 270
1178 2279 1485 2329 decrescente
1511 2276 1581 2346 Q
1610 2279 1775 2330 valeat
1802 2280 1853 2341 S,
1895 2287 2138 2331 crescente
2164 2283 2226 2342 A,
2268 2287 2317 2331 et
2347 2297 2378 2330 a
2405 2287 2470 2331 90
2507 2282 2558 2329 in

300 2358 400 2403 180
442 2353 748 2404 decrescente
789 2350 858 2420 Θ
899 2352 1064 2402 valeat
1101 2354 1164 2414 A,
1205 2358 1450 2402 crescente
1490 2352 1542 2405 S.
1616 2353 1695 2402 Ita
1732 2353 1899 2403 valent
1940 2354 2069 2404 tituli
2107 2369 2194 2420 per
2230 2353 2558 2406 semicirculos

294 2426 402 2477 dist.
431 2425 497 2492 Θ
523 2427 586 2477 ab
612 2441 834 2493 apogaeo
862 2422 950 2494 Θ,
990 2425 1234 2476 mediante
1273 2425 1551 2476 conditione
1594 2425 1762 2478 Lunae
1791 2424 1861 2495 C
1896 2428 1974 2479 vel
1999 2424 2085 2495 Q.

806 2692 1175 2740 Emendatior
1214 2692 1512 2740 ordinatio.
1588 2695 1674 2741 24.
1715 2695 1857 2741 Nov.
1899 2695 2041 2740 1621.

466 2792 574 2842 Etsi
612 2791 896 2857 pulchrum,
951 2799 1005 2841 ut
1043 2798 1090 2842 et
1128 2793 1358 2842 formetur
1397 2798 1735 2857 argumentum
1787 2797 1836 2842 et
1886 2807 1944 2842 eo
1992 2796 2273 2856 excerpatur
2322 2795 2552 2857 aequatio

295 2869 542 2915 menstrua
593 2880 702 2914 cum
753 2866 906 2914 titulis
946 2866 1068 2915 Sub.
1121 2866 1254 2918 Add.
1314 2873 1367 2916 ut
1414 2869 1463 2915 in
1512 2867 1697 2928 soluta,
1750 2871 2007 2930 propterea
2054 2865 2185 2928 quod
2236 2866 2550 2929 inculcamuS,

292 2945 586 2988 menstruam
626 2938 705 2988 hic
730 2938 936 2988 similem
976 2954 1082 2988 esse
1121 2939 1340 2989 solutae:
1378 2946 1429 2988 at
1454 2941 1644 2989 interim
1669 2939 1878 3004 plurima
1916 2939 2014 2988 alia
2050 2939 2286 3001 differunt,
2327 2946 2394 3002 ut,
2423 2940 2555 3004 quod
2650 2948 2652 2966 ¹

291 3026 389 3061 non
427 3018 654 3061 constans
694 3014 958 3076 quantitaS,
999 3011 1132 3076 quod
1169 3027 1254 3076 per
1290 3012 1610 3075 logarithmos
1639 3011 1980 3078 computanda,
2022 3012 2154 3075 quod
2191 3028 2277 3077 per
2313 3020 2554 3064 exsortem

294 3092 342 3135 et
380 3100 466 3149 per
506 3085 727 3134 diurnum
768 3085 1078 3150 corrigenda,
1118 3084 1250 3149 quod
1288 3085 1457 3134 titulus
1497 3097 1593 3135 non
1632 3087 1726 3150 ipsi
1765 3085 1851 3135 sed
1890 3087 2095 3149 margini
2133 3086 2552 3151 superponendus,

294 3156 423 3220 Quid
461 3173 690 3222 magnum
728 3161 888 3222 igitur,
928 3161 969 3208 si
1009 3160 1157 3208 etiam
1182 3160 1229 3205 in
1256 3157 1350 3208 hoc
1376 3159 1579 3220 differat,
1621 3158 1752 3222 quod
1789 3158 1961 3207 titulus
1987 3159 2132 3223 plane
2170 3174 2230 3209 ne
2269 3165 2553 3223 argumento

291 3230 488 3294 quidem
527 3238 895 3296 superponatur,
937 3230 1025 3281 sed
1065 3231 1325 3282 distantiae
1358 3231 1419 3295 Θ
1449 3232 1512 3280 ab
1541 3246 1764 3297 apogaeo
1789 3228 1874 3298 Θ,
1914 3247 2004 3281 nec
2036 3232 2267 3282 formetur
2292 3248 2554 3296 argumen-

290 3308 395 3352 tum
434 3318 518 3368 per
554 3310 726 3368 totum,
766 3305 853 3354 sed
892 3310 1079 3354 tantum
1117 3319 1203 3369 per
1239 3306 1586 3369 aequationem
1626 3306 1837 3369 opticam
1876 3307 2142 3368 corrigatur
2176 3305 2285 3355 dist.
2312 3302 2382 3373 Q
2411 3322 2441 3356 a
2465 3303 2551 3373 Θ,

293 3382 342 3427 et
379 3377 588 3426 addatur
627 3378 706 3427 vel
744 3378 1003 3440 auferatur,
1044 3383 1092 3427 et
1131 3380 1202 3428 sic
1239 3393 1324 3444 per
1361 3378 1488 3428 hanc
1530 3383 1794 3428 correctam
1834 3385 2153 3444 excerpantur
2190 3384 2378 3429 tantum
2416 3394 2552 3430 scru-

291 3450 515 3514 pulorum
554 3449 854 3514 logarithmi.

466 3523 759 3588 Quantisper
795 3526 945 3587 igitur
982 3523 1093 3573 dist.
1122 3522 1186 3588 Θ
1212 3523 1275 3574 ab
1308 3538 1534 3588 apogaeo
1561 3520 1630 3591 Q
1675 3530 1749 3574 est
1784 3525 1908 3576 inter
1949 3531 2032 3587 90,
2073 3530 2192 3588 360,
2235 3530 2368 3587 270,
2408 3524 2550 3574 Luna

294 3609 512 3645 crescens
531 3597 680 3646 habet
695 3598 918 3661 (antiqua
930 3596 1107 3661 forma)
1137 3598 1526 3661 subtractoriam,
1556 3598 1837 3648 decrescens
1863 3598 2195 3663 adjectoriam.
2241 3599 2303 3647 Et
2327 3599 2550 3662 quantis-

291 3683 376 3732 per
414 3669 523 3718 dist.
563 3667 632 3735 Θ
670 3670 731 3719 ab
771 3684 994 3735 apogaeo
1034 3666 1103 3737 ᾧ
1145 3677 1219 3720 est
1257 3673 1382 3722 inter
1422 3676 1505 3734 90,
1550 3675 1667 3735 180,
1711 3677 1832 3736 270,
1873 3672 2016 3724 Luna
2053 3672 2365 3729 descrescens
2402 3671 2550 3721 habet

292 3742 676 3801 subtractoriam,
716 3757 935 3794 crescens
974 3743 1307 3807 adjectoriam.
