2652 4088
305 155 377 214 80
1163 150 1432 197 Plutarchus
1464 141 1518 198 de
1547 148 1683 199 Facie

306 314 464 357 torum
503 311 576 354 est
614 303 882 367 agendum,
922 316 1017 350 non
1069 308 1123 350 ut
1168 317 1277 350 cum
1325 304 1691 353 accusatoribus
1741 305 1783 353 ei
1822 304 1905 366 qui
1945 301 2006 351 ad
2055 293 2430 366 disceptandmiff
2457 302 2548 354 ad-

307 382 454 428 venit.
533 378 613 425 Me
653 380 798 439 igitur
835 375 980 424 hodie
1019 390 1265 438 nunquam
1306 389 1363 422 eo
1402 375 1644 438 redigetis,
1683 383 1738 425 nt
1774 379 2007 425 rationem
2043 377 2239 424 reddam
2268 392 2449 438 eorum,
2487 377 2547 426 de

307 454 481 516 quibus
520 452 699 497 stoicos
737 451 992 507 accusatis,
1031 450 1123 494 nisi
1146 448 1277 510 prius
1306 463 1336 496 a
1363 450 1503 496 vobis
1528 464 1710 511 poenas
1738 452 1927 512 exigam
1968 450 2072 510 ejus
2111 453 2194 509 rei,
2236 450 2381 512 quod,
2422 465 2548 512 quae

306 539 480 587 supera
517 530 643 581 sunt,
684 522 836 569 infera
873 522 1030 569 facitis
1070 522 1116 565 in
1158 521 1352 568 mundo.
1407 521 1482 568 Ad
1523 522 1643 570 haec
1685 523 1923 570 Lucius
1962 521 2242 570 subridens:
2284 523 2426 570 modo
2454 537 2550 570 non

305 599 466 655 nobis,
519 596 696 654 amice,
747 593 905 642 dicam
953 594 1136 640 scribas
1173 594 1464 654 impietatis,
1516 595 1920 656 quemadmodum
1963 595 2293 643 Aristarchum
2332 595 2549 644 Samium

308 668 566 718 Cleanthes
605 669 791 715 censuit
829 667 1067 714 laesarum
1104 665 1392 727 religionum
1431 667 1775 727 postulandum
1814 684 1844 715 a
1883 666 2081 715 Graecis
2133 681 2263 724 esse,
2317 675 2550 730 tanquam

307 742 389 804 qui
426 740 590 788 mundi
630 741 789 788 focum
830 745 877 786 et
904 738 1106 786 Vestam
1143 739 1190 784 in
1229 749 1362 785 motu
1401 742 1729 787 constituerit:
1771 742 1885 802 quia
1922 743 2142 786 nimirum
2185 743 2257 787 vir
2282 740 2360 788 hic
2392 755 2549 802 appa-

305 817 484 862 rentias
523 814 711 861 salvare
750 818 1024 859 tentaverat
1062 810 1409 873 supponendo,
1468 812 1654 859 coelum
1707 816 1974 874 quiescere,
2030 813 2226 860 Terram
2256 826 2390 860 vero
2440 828 2552 875 per-

306 902 465 935 meare
505 885 735 934 circulum
774 884 1024 947 obliquum
1063 884 1303 946 simulque
1345 891 1391 931 et
1430 885 1555 932 circa
1599 899 1739 932 suum
1778 900 1915 932 axem
1965 888 2190 948 torqueri.
2267 886 2367 933 Nos
2407 888 2554 948 igitur

305 961 425 1008 nihil
464 974 549 1022 pro
587 959 829 1006 nobismet
869 959 988 1019 ipsis
1039 956 1279 1017 dicemus,
1321 965 1370 1004 at
1411 956 1500 1015 illi,
1543 959 1627 1019 qui
1664 958 1850 1005 Lunam
1889 966 2169 1021 supponunt
2207 974 2313 1007 esse
2340 958 2551 1018 Terram,

304 1048 440 1096 rogo,
481 1035 562 1095 qui
602 1033 758 1093 magis
798 1045 943 1092 quam
982 1044 1071 1077 nos
1110 1044 1284 1092 supera
1325 1031 1506 1076 faciunt
1535 1029 1698 1087 infera,
1739 1044 1846 1077 cum
1874 1046 1960 1078 nos
1987 1031 2183 1079 Terram
2224 1031 2301 1078 hic
2339 1031 2554 1079 locemus

305 1109 352 1153 in
394 1109 505 1154 aere
558 1119 870 1166 suspensam,
926 1117 1052 1165 quae
1106 1103 1258 1150 multo
1308 1103 1463 1164 major
1514 1109 1590 1151 est
1636 1117 1780 1165 quam
1826 1103 1989 1163 Luna,
2045 1104 2453 1165 quemadmodum
2507 1103 2554 1150 id

307 1179 636 1227 mathematici
690 1192 749 1224 ex
789 1176 1013 1237 deliquiis
1061 1190 1216 1237 exque
1264 1177 1533 1224 incessione
1571 1175 1739 1223 Lunae
1788 1191 1873 1237 per
1922 1178 2158 1235 umbram,
2215 1177 2555 1238 applicationis

305 1266 392 1301 seu
430 1266 593 1299 morae
632 1249 1014 1312 magnitudinem
1042 1248 1358 1307 dimetientes,
1393 1243 1795 1315 (demonstrant).
1843 1249 1967 1295 Nam
2009 1256 2054 1296 et
2081 1254 2234 1296 minor
2259 1252 2365 1311 ipsa
2392 1250 2555 1306 Terra,

309 1341 338 1373 a
366 1326 539 1386 majori
578 1325 757 1386 quippe
799 1322 1115 1379 illuminante,
1156 1321 1374 1382 dirigitur
1411 1322 1595 1375 umbra,
1635 1329 1684 1368 et
1722 1322 1866 1382 hujus
1893 1325 2043 1383 ipsius
2073 1318 2272 1387 (conum
2301 1324 2558 1383 pertransit

308 1398 474 1458 Luna)
514 1405 706 1445 tenuem
745 1397 1028 1443 existentem
1069 1396 1114 1439 in
1154 1396 1399 1456 superiore
1438 1395 1512 1441 sui
1551 1401 1686 1455 parte
1716 1402 1763 1442 et
1789 1396 2019 1441 strictum.
2071 1394 2180 1442 Hoc
2206 1410 2264 1442 ne
2293 1394 2556 1442 Homerum

307 1472 518 1533 quidem,
562 1477 614 1517 nt
640 1468 859 1531 perhibet
888 1462 1192 1534 (interpres),
1223 1468 1378 1523 latuit,
1405 1466 1490 1514 sed
1518 1474 1706 1514 noctem
1734 1469 1772 1513 is
1794 1471 1934 1526 Jaculi
1968 1470 2167 1526 epitheto
2215 1467 2555 1515 acuti-volan-

305 1551 402 1593 tem
442 1542 723 1606 appellavit,
763 1549 958 1603 propter
996 1541 1194 1588 umbrae
1233 1539 1435 1602 figuram
1475 1542 1813 1589 acuminatam.
1868 1540 1928 1587 Et
1954 1547 2113 1587 tamen
2142 1540 2203 1587 ab
2240 1540 2331 1589 hoc
2358 1541 2555 1589 umbrae

305 1631 532 1664 mucrone
573 1617 838 1676 intercepta
878 1613 1017 1660 Luna
1066 1614 1148 1659 vix
1186 1628 1328 1674 aegre
1379 1613 1531 1660 tribus
1583 1615 1795 1674 corporis
1847 1614 1918 1660 sui
1960 1615 2197 1660 mensuris
2236 1627 2287 1662 se
2328 1613 2554 1676 explicat.

304 1689 579 1752 Perpende,
621 1701 826 1749 quaese,
868 1693 986 1747 quot
1024 1686 1189 1733 Lunas
1229 1685 1378 1733 Terra
1416 1692 1613 1747 aequet,
1656 1688 1694 1732 si
1735 1686 1856 1733 haec
1893 1687 2109 1733 umbram
2150 1687 2366 1748 projicit,
2416 1686 2555 1748 cujus

305 1763 559 1825 trajectus,
617 1775 715 1823 qua
762 1767 899 1821 parte
939 1761 978 1806 is
1018 1760 1212 1805 omnino
1269 1759 1605 1813 brevissimus,
1658 1759 1868 1820 spatium
1916 1765 2076 1807 tamen
2126 1762 2267 1806 trium
2307 1759 2554 1807 Lunarum

305 1841 499 1897 aequat.
576 1834 684 1893 Hoc
724 1841 884 1881 tamen
931 1846 1026 1878 non
1080 1838 1264 1879 attento
1320 1846 1408 1878 vos
1462 1831 1520 1878 de
1562 1831 1700 1879 Luna
1750 1831 1943 1893 quidem
1993 1834 2108 1879 estis
2162 1832 2354 1880 solliciti
2395 1846 2453 1879 ne
2495 1831 2554 1881 de

305 1907 440 1956 coelo
466 1906 608 1956 cadat
631 1906 690 1971 (si
716 1914 870 1954 terrea
895 1904 980 1951 illa
1006 1906 1284 1965 statuatur),
1327 1904 1385 1952 de
1412 1903 1562 1952 Terra
1589 1918 1702 1952 vcro
1731 1906 1835 1967 ipsa
1862 1904 2133 1968 Aeschylus
2162 1906 2314 1966 vobis,
2353 1906 2552 1966 scilicet,

303 1982 560 2044 persuasit,
602 1979 733 2043 quod
774 1977 914 2026 Atlas

805 2051 989 2099 Terrae
1023 2050 1228 2111 polique
1264 2055 1354 2096 siet
1391 2050 1682 2097 columnam
1718 2049 1932 2112 fulciens

796 2124 1031 2172 Immane
1068 2125 1208 2183 stipis
1241 2122 1443 2183 pondus
1481 2122 1702 2170 humeris
1738 2126 2001 2170 sustinens.

306 2198 492 2264 Quodsi
529 2199 698 2247 Lunae
737 2197 933 2260 quidem
972 2198 1049 2256 (ut
1086 2194 1323 2258 objicitis)
1363 2193 1480 2242 nihil
1520 2197 1710 2243 substat
1748 2197 1839 2243 nisi
1876 2195 2139 2259 perflabilis
2175 2200 2272 2257 ae‘r,
2313 2196 2556 2259 quintilla

302 2274 532 2323 facultate
571 2271 724 2335 pollet
760 2269 1077 2333 supportandi
1116 2268 1292 2316 molem
1332 2268 1544 2331 aliquam
1598 2268 1831 2329 solidam,
1885 2269 2081 2317 Terram
2128 2283 2243 2318 vero
2290 2269 2554 2317 secundum

303 2346 567 2395 Pindarum
607 2346 872 2395 columnae
907 2343 1131 2406 fulciunt
1165 2342 1419 2389 laterculis
1456 2341 1805 2389 adamantinis
1828 2345 2220 2390 statuminatae:
2259 2356 2462 2405 eamque
2491 2343 2553 2391 ob

306 2434 501 2470 causam
540 2419 816 2466 Pharnaces
869 2418 972 2478 ipse
1020 2414 1215 2478 quidem
1253 2429 1450 2462 securus
1489 2422 1562 2462 est
1600 2429 1882 2477 vacuusque
1923 2423 2054 2463 metu
2100 2430 2242 2463 casus
2281 2415 2553 2475 Terrarum,

305 2500 356 2540 at
392 2506 478 2555 pro
518 2492 575 2538 iis
615 2490 844 2552 trepidat,
902 2490 1076 2551 quibus
1117 2487 1336 2549 trajectio
1377 2489 1591 2549 corporis
1631 2487 1810 2535 lunaris
1851 2490 2089 2546 imminet,
2144 2484 2466 2551 Aethiopibus
2506 2495 2554 2536 et

309 2565 667 2627 Taprobaneis,
707 2578 766 2610 ne
806 2569 991 2610 tantum
1031 2563 1164 2622 ipsos
1202 2559 1391 2622 pondus
1430 2559 1680 2622 delapsum
1721 2564 1975 2622 opprimat.
2051 2561 2191 2608 Enim
2231 2575 2344 2609 vero
2389 2561 2552 2610 Lunae

308 2638 370 2686 ad
410 2638 515 2696 hoc,
555 2652 614 2685 ne
655 2635 859 2694 decidat,
899 2634 1115 2682 subsidio
1154 2635 1288 2680 venit
1326 2634 1427 2694 ipse
1466 2639 1626 2680 motus
1654 2640 2005 2695 contentaeque
2033 2634 2299 2682 volutionis
2327 2636 2550 2696 impetuS,

310 2720 362 2759 ut
399 2710 453 2758 fit
490 2713 538 2756 in
578 2711 650 2769 iis,
691 2723 817 2771 quae
858 2706 1035 2755 fundae
1074 2707 1362 2766 inseruntur,
1403 2708 1577 2767 quibus
1615 2707 1867 2753 rotationis
1907 2708 2164 2767 pernicitas
2203 2714 2419 2769 praestat
2459 2707 2553 2754 im-

309 2785 655 2847 pedimentum,
695 2796 753 2828 ne
795 2781 852 2828 de
891 2780 1040 2827 funda
1079 2778 1306 2827 defluant.
1381 2776 1697 2840 Unaquaevis
1736 2780 1860 2825 enim
1899 2793 1974 2827 res
2014 2794 2044 2826 a
2083 2787 2215 2827 motu
2257 2779 2363 2839 illo,
2410 2794 2553 2842 quem

309 2857 460 2905 habet
498 2872 527 2904 a
564 2863 738 2903 natura
782 2854 1039 2911 tributum,
1093 2853 1295 2912 regitur,
1346 2852 1386 2897 si
1432 2850 1550 2897 nihil
1598 2853 1910 2910 interveniat,
1961 2852 2091 2913 quod
2140 2854 2297 2914 ipsam
2347 2858 2550 2900 avertat.

309 2930 575 2991 Propterea
613 2928 753 2975 Luna
790 2941 884 2974 non
925 2927 1103 2986 regitur
1141 2939 1171 2971 a
1209 2939 1297 2971 suo
1336 2924 1574 2985 pondere,
1626 2931 1679 2971 ut
1730 2925 1867 2986 cujus
1905 2924 2158 2972 illecebrae
2199 2925 2260 2973 ad
2299 2930 2481 2973 motum
2521 2940 2550 2972 a

310 3002 751 3051 circumvolutionis
791 3001 973 3061 impetu
1013 2998 1345 3044 discutiuntur.
1422 2996 1548 3043 Illud
1586 2998 1748 3058 potius
1804 3011 1892 3044 nos
1940 2999 2100 3045 mirari
2157 3000 2459 3058 conveniret,
2512 2999 2554 3046 si

310 3075 451 3124 Luna
489 3082 543 3123 ut
580 3074 730 3122 Terra
768 3081 932 3120 nostra
969 3072 1076 3119 loco
1126 3072 1408 3117 consisteret
1457 3071 1647 3131 penitus
1696 3070 2052 3131 immobilisque
2105 3077 2244 3118 esset.
2324 3075 2389 3118 At
2425 3084 2554 3118 nunc

310 3147 452 3196 Luna
490 3147 682 3210 quidem
723 3160 918 3194 causam
958 3144 1105 3192 habet
1144 3141 1322 3205 oppido
1363 3157 1602 3204 magnam,
1645 3156 1728 3189 cur
1755 3142 1847 3190 huc
1875 3145 1920 3189 in
1949 3143 2144 3191 Terram
2173 3157 2268 3191 non
2297 3143 2551 3202 deseratur,

310 3221 459 3271 Terra
498 3236 630 3281 vero,
671 3235 778 3268 cum
817 3218 1003 3265 nullum
1041 3216 1189 3264 alium
1227 3223 1407 3263 motum
1447 3217 1511 3262 sit
1547 3230 1576 3261 a
1602 3221 1773 3262 natura
1811 3217 1994 3272 sortita,
2037 3215 2202 3264 debuit
2242 3219 2407 3279 utique
2445 3216 2553 3264 loco

313 3297 573 3343 consistere
614 3295 676 3341 ob
714 3293 868 3340 solam
907 3297 1191 3353 gravantem
1230 3290 1496 3335 materiam.
1549 3288 1635 3335 Est
1673 3295 1833 3336 autem
1861 3290 2054 3349 gravior
2090 3304 2234 3350 quam
2262 3290 2414 3347 Luna,
2456 3303 2553 3336 non

311 3373 498 3415 tantum
537 3374 719 3430 quanto
760 3375 834 3414 est
871 3365 1039 3426 major,
1081 3360 1165 3410 sed
1204 3361 1356 3408 multo
1395 3362 1563 3423 magis,
1605 3362 1782 3422 quippe
1823 3361 1942 3408 haec
1979 3376 2064 3422 per
2102 3363 2309 3411 calorem
2348 3367 2396 3411 et
2433 3376 2555 3410 exu-

312 3442 532 3499 stionem,
568 3441 813 3487 secundum
845 3440 1026 3495 stoicos,
1058 3435 1211 3484 levior
1250 3441 1322 3482 est
1358 3434 1501 3481 facta.
1556 3433 1715 3495 Atque
1756 3436 1947 3480 omnino
1987 3449 2043 3482 ex
2071 3437 2143 3494 iis,
2186 3450 2312 3497 quae
2339 3442 2389 3482 tu
2420 3435 2553 3494 dicis,

313 3513 535 3560 concludi
574 3513 778 3572 videtur,
820 3511 1023 3567 Lunam,
1063 3507 1299 3570 siquidem
1337 3508 1461 3570 ignis
1500 3513 1596 3565 est,
1638 3511 1773 3553 tanto
1812 3508 1964 3568 magis
2003 3507 2216 3570 indigere
2243 3508 2406 3565 Terra,
2447 3521 2555 3555 ma-

315 3587 436 3633 teria
472 3587 691 3632 nimirum
732 3599 875 3646 quam
917 3583 1042 3644 ignis
1079 3582 1318 3629 inhabitet
1355 3586 1404 3628 et
1442 3581 1520 3629 cui
1559 3577 1763 3627 adnatus
1802 3581 1877 3639 sit,
1919 3581 1965 3626 in
2006 3594 2104 3642 qua
2142 3587 2189 3628 et
2228 3582 2471 3628 contineat
2508 3586 2556 3628 et

316 3659 576 3705 exsuscitet
621 3658 899 3706 facultatem
949 3670 1102 3704 suam.
1178 3652 1323 3701 Nullo
1372 3654 1498 3700 enim
1538 3654 1749 3714 cogitatu
1799 3658 1958 3714 potest
2005 3653 2256 3716 explicari,
2309 3651 2553 3714 quomodo

316 3731 443 3791 ignis
491 3729 667 3791 aliquis
719 3732 820 3777 sine
877 3730 1078 3776 materia
1128 3728 1284 3789 possit
1330 3726 1619 3774 conservari.
1695 3725 1863 3773 Dicitis
1903 3740 2017 3774 vero
2058 3740 2168 3786 vos,
2213 3725 2409 3774 Terram
2450 3727 2553 3773 sine

316 3801 628 3853 fundamento
669 3803 747 3850 vel
784 3802 944 3850 radice
985 3802 1260 3848 consistere.

493 3873 699 3927 Omnino
730 3889 859 3937 vem,
898 3872 1146 3936 respondit
1183 3871 1578 3933 Pharnacea,
1619 3871 1798 3934 quippe
1838 3884 1944 3919 cum
1971 3872 2215 3934 proprium
2251 3870 2471 3918 obtineat
2506 3875 2554 3919 et
