2652 4088
21 479 23 482 ¹
88 424 247 483 refert,
288 431 488 472 matrem
527 423 726 472 viduam
754 437 862 470 eum
890 422 1196 485 exemplariis
1224 423 1408 471 Somnii
1434 422 1738 485 incompletis
1778 422 1840 470 ad
1879 438 1930 471 se
1960 425 2153 472 venisse
2181 437 2352 486 opem-

8 495 13 498 “
92 512 186 559 que
224 511 363 544 suam
410 497 696 559 implorasse
745 501 792 542 et
844 495 1215 557 completionem
1268 496 1612 558 exemplarium
1651 497 1865 558 petiisse.
1943 497 2252 545 Frankofurti
2291 497 2354 544 ad

90 570 322 618 Moenum
372 576 541 632 typum
591 568 805 617 absolvit
851 568 1125 631 librumque
1172 568 1450 617 absolutum
1498 570 1544 615 in
1586 567 1834 631 publicum
1884 571 2043 617 emisit
2082 569 2355 633 Septembri

14 690 18 694 Α
92 644 206 690 anni
250 644 403 691 1634.

265 715 465 763 Summa
502 727 672 772 rerum,
715 726 840 774 quae
880 713 1045 761 insunt
1084 713 1300 774 SomniO,
1342 729 1449 762 cum
1488 715 1658 777 paucis
1698 715 1933 763 recenseri
1975 721 2210 777 nequeat,
2251 715 2353 764 lec-

90 793 242 835 torem
282 787 344 835 ad
381 787 555 835 librum
596 787 753 847 ipsum
792 785 1092 847 relegamuS,
1144 788 1228 835 ubi
1267 787 1467 849 Kepleri
1518 788 1763 849 ingenium
1818 789 2000 849 passim
2042 787 2236 836 elucens
2276 790 2353 834 in-

18 875 26 908 :
91 862 256 908 veniet
280 860 725 920 astronomicasque
751 858 1061 922 hypotheseS,
1105 875 1230 921 quae
1271 867 1399 908 certo
1430 860 1596 908 ordine
1635 861 1682 905 in
1715 859 1849 908 libris
1875 863 2154 922 praemissis
2183 875 2354 908 occur-

90 939 215 992 runt,
252 934 435 995 passim
474 931 536 979 ad
575 931 745 979 Lunae
786 932 1022 980 theoriam
1062 933 1324 981 adhibitas.
1402 932 1512 981 Hoc
1550 938 1740 980 tantum
1778 947 2046 994 monemus,
2089 933 2352 996 Keplerum

93 1005 358 1065 „Somnio“
401 1018 489 1052 suo
530 1005 770 1052 imitatum
809 1019 915 1053 esse
954 1007 1280 1054 narrationem
1318 1005 1485 1069 Syllae
1525 1007 1571 1052 in
1602 1005 2054 1054 Plutarchi-libello
2080 1005 2177 1067 „de
2205 1007 2352 1055 Facie

8 1071 11 1076 ’
91 1081 138 1125 in
192 1080 308 1127 orbe
350 1074 568 1137 Lunae“,
619 1092 745 1138 quae
794 1080 884 1126 sub
923 1078 1067 1126 finem
1119 1078 1226 1126 libri
1278 1080 1511 1139 occurrit3
1567 1078 1808 1140 Keplerus
1847 1080 2001 1140 primo
2041 1081 2205 1126 statim
2244 1079 2354 1127 libri

0 1145 20 1204 ξ
91 1151 287 1200 exordio
332 1146 637 1216 „somnium“
680 1165 821 1197 suum
861 1151 1026 1210 refert,
1068 1151 1285 1212 illudque
1325 1153 1452 1198 notis
1496 1153 1904 1199 numerosissimis
1946 1151 2170 1200 illustrat.
2248 1151 2354 1199 An-

87 1226 363 1271 notationes
402 1223 601 1285 Kepleri
649 1223 710 1270 ad
763 1222 936 1271 librum
975 1224 1223 1272 Plutarchi
1281 1224 1435 1272 editor
1488 1224 1617 1272 filius
1660 1224 1940 1273 Ludovicus
1993 1227 2147 1272 textui
2199 1226 2353 1274 inter-

7 1291 29 1361 ,ss
90 1300 253 1360 posuit
293 1311 446 1358 eoque
485 1297 681 1358 saepius
719 1296 898 1358 legenti
932 1299 1349 1345 conturbationem
1374 1296 1506 1345 haud
1533 1312 1734 1359 parvam
1762 1299 1911 1360 parit3
1951 1311 2038 1345 nos
2079 1297 2167 1346 has
2195 1312 2351 1346 anno-

91 1372 301 1418 tationes
341 1369 510 1417 eadcm
547 1384 644 1430 qua
683 1371 728 1415 in
770 1370 966 1417 Somnio
1007 1372 1194 1418 ratione
1233 1370 1357 1419 libro
1396 1373 1606 1419 numeris
1647 1372 1887 1418 continuis
1938 1371 2196 1432 insignitas
2235 1372 2354 1420 sub-

11 1468 42 1501 3
86 1443 350 1504 junximus.
427 1441 706 1489 Notandum
747 1441 955 1504 denique
996 1449 1092 1503 est,
1146 1443 1413 1505 Keplerum
1462 1458 1769 1506 comparasse
1809 1444 2352 1493 translationemsuam

92 1529 201 1563 cum
252 1515 461 1563 editione
513 1513 757 1578 Xylandri
805 1513 1127 1580 (Francofurti
1183 1514 1361 1582 1592),
1420 1531 1509 1565 nec
1559 1531 1655 1564 non
1716 1531 1823 1564 eum
1878 1517 2091 1565 editione
2144 1532 2354 1585 „graeca

14 1593 24 1658 J
93 1588 411 1637 Weeheliana
431 1590 478 1634 in
503 1591 730 1647 octava“‚
760 1589 898 1650 anus
925 1591 1197 1637 numeratio
1225 1590 1451 1638 foliorum
1478 1589 1539 1638 ad
1559 1592 1823 1652 marginem
1846 1591 1947 1655 (fol.
1976 1589 2352 1658 1696—1742)

44 1711 49 1713 ,
92 1661 337 1724 adscripta
377 1667 465 1720 est,
506 1677 535 1709 a
574 1662 714 1710 nobis
753 1676 869 1710 vero
910 1664 1104 1710 omissa.

0 151 23 262 Ξ
961 199 1244 246 Prooemium
1273 199 1486 246 Editoris.
2286 200 2355 257 25

0 266 17 334 ζ
847 264 1010 325 1533

0 372 14 421 3
91 351 162 400 ibi
200 355 419 399 mortuus
459 355 533 399 est
576 354 657 400 15.
685 348 812 412 Aug.
827 354 1070 398 4⁶32··⁴“et
1107 365 1184 399 res
1222 349 1503 414 imperfecta
1549 351 1597 396 in
1637 347 1942 398 Ludovicum
1992 349 2178 400 recidit.
2240 350 2353 414 Ipse
