2652 4088
315 2956 515 3019 ⁴oculos.
561 2969 644 3004 eos
683 2969 947 3050 eorumque
985 2956 1279 3049 differentias
1315 2957 1663 3021 praetermisit,
1690 2960 1768 3006 ut
1816 2958 1900 3020 qni
1948 2957 2043 3005 sint
2079 2955 2387 3006 multitudine
2425 2957 2573 3005 innu-
2607 2955 2610 2958 ’

204 3145 209 3157 ,,
254 3079 262 3162 J
321 3024 594 3151 merabsseg
626 3080 840 3151 Lunam
846 3086 998 3154 nna
1008 3074 1137 3151 sola
1171 3100 1431 3180 superficie
1459 3101 1648 3153 marina
1685 3103 1820 3160 (forte
1846 3102 2012 3155 coloris
2033 3105 2178 3149 solum
2199 3102 2401 3161 marini)
2403 3099 2609 3151 vesti·
2611 3077 2628 3102 ⁷

248 3215 249 3218 η
319 3170 439 3234 tam
462 3181 594 3234 esse,
649 3185 747 3222 ιιοιι
768 3174 882 3224 est.
883 3163 1170 3238 probabile,
1217 3173 1334 3224 sed
1342 3174 1552 3224 maxime
1589 3173 1797 3229 similem
1834 3180 1942 3223 esse
1979 3173 2156 3223 Terrae
2195 3174 2268 3222 illi
2306 3170 2610 3226 εειιιιιιιᾶιιίιιιςΔ

318 173 388 232 92
1172 177 1443 223 Plutarchus
1473 178 1529 222 de
1550 177 1694 224 'Facie

317 325 402 374 ubi
438 324 623 373 nullum
661 338 834 387 corpus
874 325 1046 376 duritie
1083 326 1268 393 solida,
1319 325 1452 390 quod
1489 326 1736 377 admiserit
1772 328 1821 375 in
1858 325 2147 391 profundum
2185 327 2470 390 ignitionem
2508 330 2557 375 et

318 397 636 458 incanduerit,
677 398 802 446 sicut
839 399 1019 448 alicubi
1056 399 1269 462 loquitur
1306 406 1355 449 et
1392 399 1656 449 Homerus.

819 472 887 519 At
922 474 1075 521 simul
1112 476 1313 535 expirat
1347 474 1493 521 rutili
1526 474 1616 538 flos
1651 476 1799 538 iynis,
1838 479 1885 522 et
1921 472 2079 522 ardor

821 543 986 593 Desiit
1022 548 1079 593 in
1112 561 1340 607 prunam
1378 574 1449 581 —
1490 574 1555 582 -—
1594 574 1666 583 ——

486 613 650 664 Pruna
675 618 803 665 enim
841 631 935 666 non
964 617 1154 666 videtur
1192 620 1316 680 ignis
1344 633 1464 678 esse,
1504 619 1589 668 sed
1618 634 1790 683 corpus
1814 620 2043 681 ignitum,
2084 616 2307 666 affectum
2334 618 2396 665 ab
2424 619 2552 680 igne,

317 689 400 750 qui
440 686 614 736 molem
654 689 861 738 solidam
901 695 948 739 et
983 691 1143 739 radice
1182 706 1272 739 sua
1308 691 1554 740 suffultam
1591 692 1768 741 insidet
1806 694 1947 754 eique
1985 690 2216 740 adhaeret
2264 697 2311 739 et
2350 704 2458 738 cum
2497 703 2555 739 eo

315 759 566 825 perdurat;
605 761 827 811 flammae
866 778 979 812 vero
1019 770 1131 812 sunt
1167 765 1470 812 incensiones
1511 765 1674 814 aridae
1699 768 1930 814 materiae
1969 764 2298 813 alimentariae
2327 769 2374 811 et
2400 764 2558 811 fluxus

317 833 513 896 quidam
551 832 708 894 illius,
762 850 886 898 quae
926 837 1061 885 brevi
1101 843 1314 899 tempore
1355 838 1416 886 ob
1455 838 1838 887 imbecillitatem
1887 838 2168 887 absumitur.
2231 837 2403 898 Itaque
2442 835 2555 883 nul-

315 908 416 955 lum
455 905 577 955 adeo
618 907 816 957 evidens
854 910 976 958 foret
1015 910 1260 970 indicium,
1304 910 1488 958 Lunam
1517 925 1621 959 esse
1648 925 1820 973 corpus
1849 909 2048 959 densum
2075 916 2122 959 et
2149 915 2372 967 terreum,
2413 923 2558 971 quam

315 981 357 1029 si
397 979 518 1028 haec
555 980 838 1030 carbonaria
877 982 1067 1032 claritas
1106 983 1176 1030 illi
1217 990 1345 1032 esset
1371 975 1590 1046 propria,
1631 989 1684 1032 ut
1722 983 1853 1031 color
1893 985 2014 1046 ejus,
2077 983 2247 1032 Nonne
2288 996 2403 1031 vero
2441 996 2559 1044 pos-

317 1067 422 1102 sum
462 1067 552 1115 ego
591 1054 694 1115 tibi,
735 1054 984 1105 Pharnace
1023 1058 1340 1117 amicissime,
1379 1056 1640 1119 rependere
1678 1056 1857 1105 multos
1896 1056 2159 1106 deficientis
2197 1055 2381 1105 colores
2420 1054 2558 1114 alios,

317 1140 439 1190 quos
493 1128 563 1175 sic
612 1126 915 1191 distinguunt
963 1130 1288 1179 mathematici
1338 1130 1754 1193 determinantque
1806 1145 1892 1193 per
1934 1136 2152 1192 tempora
2203 1135 2250 1177 et
2297 1129 2467 1176 horas:
2517 1129 2559 1176 si

319 1214 520 1268 vespere
561 1199 766 1262 deficiat,
808 1209 1012 1264 apparet
1056 1202 1198 1252 valde
1236 1204 1373 1264 nigra
1410 1218 1565 1265 usque
1603 1205 1650 1250 in
1690 1205 1846 1251 noctis
1883 1205 2074 1251 tertiam
2110 1209 2158 1251 et
2196 1201 2467 1261 dimidiam,
2521 1202 2563 1249 si

319 1274 368 1320 in
406 1272 566 1321 media
602 1279 760 1334 nocte,
801 1281 915 1323 tunc
953 1276 1340 1339 subpurpureum
1379 1276 1588 1325 demittit
1626 1281 1674 1324 et
1699 1277 1895 1338 igneum
1933 1281 1981 1324 et
2018 1276 2192 1339 pyropi
2218 1289 2439 1336 gemmae
2477 1288 2562 1322 co-

318 1346 485 1406 lorem,
527 1346 588 1394 ab
628 1346 748 1396 hora
788 1350 996 1411 septima
1035 1364 1143 1397 cum
1182 1349 1382 1398 dimidia
1420 1352 1568 1398 oritur
1594 1350 1753 1410 rubor,
1793 1349 1988 1397 tandem
2012 1349 2111 1411 jam
2140 1362 2313 1396 aurora
2337 1353 2562 1408 surgente

318 1420 528 1468 colorem
566 1418 723 1468 induit
762 1421 1033 1470 caeruleum
1075 1429 1122 1471 et
1159 1422 1345 1470 fuscum
1385 1437 1469 1470 seu
1495 1421 1745 1485 pallidum,
1786 1437 1815 1470 a
1853 1436 1950 1484 quo
1984 1423 2191 1470 maxime
2219 1423 2364 1469 caesii
2398 1420 2563 1468 vultus

319 1507 586 1556 cognomen
627 1492 756 1555 apud
793 1498 964 1557 poetas
1003 1501 1050 1543 et
1088 1495 1430 1558 Empedoclem
1471 1497 1681 1544 obtinuit
1696 1492 1780 1556 ⁵⁵).
1833 1495 1953 1543 Cum
1980 1497 2125 1557 igitur
2150 1493 2348 1541 videant
2374 1493 2564 1542 Lunam

316 1567 364 1613 in
404 1567 573 1614 umbra
612 1565 789 1615 Terrae
825 1574 1099 1617 versantem
1137 1574 1209 1617 tot
1247 1582 1445 1616 numero
1485 1569 1670 1617 colores
1711 1567 2009 1629 adsciscere,
2062 1582 2158 1615 non
2198 1572 2326 1616 recte
2363 1567 2562 1627 faciunt,

317 1638 447 1702 quod
485 1639 643 1688 solum
682 1639 817 1687 illum
858 1655 1041 1703 prunae
1080 1641 1285 1690 similem
1324 1648 1510 1705 urgent,
1552 1655 1695 1703 quem
1722 1644 1847 1690 inter
1873 1655 2038 1690 omnes
2066 1641 2189 1689 alios
2218 1642 2426 1688 maxime
2455 1641 2564 1702 quis

317 1713 528 1762 alienum
567 1713 628 1761 ab
668 1715 775 1775 ipsa
811 1713 992 1762 lunaris
1033 1716 1246 1778 eorporis
1284 1721 1458 1764 natura
1497 1714 1670 1763 dixerit
1716 1718 1976 1778 potiusque
2028 1714 2347 1763 admixturam
2399 1718 2447 1762 et
2484 1727 2564 1761 re-

316 1786 494 1849 liquias
544 1785 738 1834 luminis
793 1788 1095 1836 circumcirca
1147 1787 1436 1839 irradiantis.
1511 1787 1741 1850 Proprius
1791 1793 1953 1837 autem
2005 1788 2136 1836 color
2174 1787 2278 1849 ejus
2318 1792 2390 1835 est
2428 1787 2565 1848 niger

319 1867 368 1910 et
405 1855 686 1919 terreusfffi).
764 1858 891 1921 Quia
930 1875 1045 1909 vero
1082 1860 1162 1908 hic
1199 1876 1347 1924 penes
1386 1876 1474 1909 nos
1513 1863 1747 1923 parieteS,
1799 1863 1881 1922 qui
1921 1866 2032 1909 sunt
2070 1862 2271 1924 proximi
2310 1860 2566 1922 purpureis

318 1940 403 1983 aut
441 1934 660 1996 puniceis
698 1934 944 1993 vestibuS,
997 1933 1203 1982 lacubus
1243 1937 1358 1983 item
1397 1941 1444 1983 et
1482 1935 1761 1983 fluminibus
1801 1934 1963 1983 Solem
2005 1934 2382 1997 excipientibus,
2423 1932 2578 1981 simul

319 2014 367 2057 et
403 2007 679 2055 colorantur
718 2013 765 2054 et
804 2007 1145 2055 collustrantur
1193 2021 1347 2069 eaque
1398 2009 1584 2056 ratione
1634 2007 1948 2055 reflexionum
1988 2007 2165 2056 multas
2205 2012 2254 2056 et
2292 2006 2565 2055 differentes
2630 2023 2639 2040 1

317 2079 525 2129 reddunt
560 2078 1039 2141 resplendescentias‚
1080 2079 1195 2143 quid
1222 2083 1409 2141 mirum,
1450 2083 1491 2127 si
1531 2082 1758 2143 copiosus
1796 2081 1954 2128 fluxus
1982 2081 2180 2129 umbrae
2220 2081 2404 2127 irruens
2430 2078 2568 2127 velut

317 2156 367 2202 in
404 2152 609 2216 pelagus
648 2152 767 2200 illud
807 2152 1016 2202 coeleste
1053 2154 1249 2201 luminis
1289 2168 1386 2201 non
1425 2153 1615 2203 stabilis
1655 2159 1739 2202 aut
1778 2155 1955 2216 quieti,
1997 2153 2081 2201 sed
2122 2154 2183 2202 ab
2224 2154 2457 2201 immensa
2496 2153 2566 2199 si-

320 2227 484 2276 derum
523 2224 831 2274 multitudine
869 2227 1039 2287 agitati
1082 2228 1334 2289 omnisque
1375 2229 1562 2289 generis
1589 2228 1847 2275 mixtiones
1880 2233 1926 2275 et
1951 2228 2378 2275 transmutationes
2417 2227 2567 2273 susti-

319 2301 505 2360 nenne,
562 2301 603 2347 si
654 2299 734 2347 hic
785 2302 982 2360 inquam
1030 2299 1189 2348 fluxus
1235 2302 1434 2349 umbrae
1474 2300 1681 2349 colorem
1723 2299 1976 2361 detergens
2015 2316 2044 2347 a
2082 2300 2221 2348 Luna
2260 2299 2377 2347 alibi
2417 2298 2566 2346 alium

319 2374 398 2423 hic
436 2375 482 2420 in
524 2372 684 2420 Terris
722 2369 1000 2435 reddit⁵⁷)?
1062 2373 1185 2421 Nam
1235 2373 1369 2422 sidus
1415 2374 1610 2435 quidem
1662 2379 1746 2422 aut
1784 2374 1910 2436 ignis
1958 2372 2134 2435 aliquis
2172 2372 2303 2421 haud
2344 2371 2566 2433 equidem

323 2462 380 2496 ex
420 2446 590 2494 umbra
627 2447 764 2507 niger
802 2451 888 2494 aut
926 2446 1115 2495 caesius
1156 2452 1241 2494 aut
1280 2446 1530 2495 caeruleus
1568 2452 1796 2509 apparet,
1837 2451 1886 2494 at
1925 2447 2169 2494 montibus
2210 2452 2258 2494 et
2297 2447 2480 2507 campis
2521 2450 2569 2493 et

322 2520 536 2568 maribus
562 2517 742 2566 multae
769 2535 798 2566 a
824 2518 938 2568 Sole
966 2521 1313 2581 superveniunt
1351 2519 1563 2568 colorum
1603 2520 1800 2579 formae,
1842 2525 1889 2567 et
1926 2519 2088 2568 lumen
2130 2522 2301 2578 (lumen
2343 2522 2460 2566 Solis
2502 2522 2566 2565 in—

321 2594 505 2650 telligit)
544 2591 725 2639 umbris
766 2597 812 2639 et
845 2592 1035 2640 nebulis
1076 2595 1410 2651 commixtum,
1450 2598 1683 2654 tanquam
1721 2591 2085 2640 medicamentis
2124 2590 2417 2654 quibusdam
2455 2593 2568 2653 pig-

321 2666 591 2724 mentariis,
630 2666 862 2712 tincturas
902 2665 1026 2714 tales
1064 2669 1220 2713 Lunae
1258 2665 1464 2725 inducit,
1516 2679 1576 2713 ex
1614 2666 1789 2726 quibus
1829 2679 1935 2722 e03‚
1978 2667 2060 2727 qui
2100 2667 2147 2711 in
2187 2665 2400 2713 maribus
2439 2669 2566 2724 sunt,

322 2737 562 2785 Homerus
604 2736 1002 2799 qualitercunque
1040 2739 1316 2787 nominibus
1354 2739 1583 2799 insignire
1623 2738 1843 2796 tentavit,
1886 2736 1998 2784 dum
2024 2738 2233 2786 Pontum
2273 2744 2419 2785 vocat
2458 2739 2568 2786 vio-

321 2810 509 2858 laceum
536 2815 582 2858 et
610 2811 822 2869 vineum,
862 2825 1051 2859 rursum
1074 2811 1271 2860 fluctum
1298 2825 1607 2873 purpureum,
1648 2810 1767 2859 alibi
1793 2809 2022 2874 glaucum
2050 2813 2155 2859 sive
2182 2812 2394 2858 caesinm
2434 2823 2565 2859 mare

324 2890 372 2932 et
409 2883 570 2930 albam
610 2882 1035 2945 tranquillitatem3
1087 2887 1171 2946 qui
1209 2898 1324 2933 vero
1364 2883 1576 2932 colorum
1616 2884 1664 2930 in
1701 2883 1852 2932 Terra
1897 2882 2018 2932 alias
2058 2884 2198 2932 aliter
2235 2885 2481 2931 incurrunt
2520 2883 2593 2930 in

323 3244 563 3308 naturam,
604 3247 663 3296 de
701 3261 800 3309 qua
838 3238 1089 3296 fabulatus
1127 3253 1202 3297 est
1240 3247 1464 3296 Socrates
1502 3245 1586 3296 me
1621 3247 1880 3307 antiquus,
1929 3247 2035 3295 sive
2077 3246 2204 3295 hanc
2251 3249 2407 3309 ipsam
2446 3237 2591 3302 tect&
2609 3262 2611 3267 ·

322 3323 544 3382 innuens,
585 3323 689 3369 sive
729 3320 788 3369 de
825 3320 923 3370 alia
960 3321 1126 3383 aliqua
1160 3335 1375 3369 narrans.
1437 3321 1546 3368 Non
1585 3325 1658 3367 est
1691 3320 1817 3367 enim
1863 3318 2146 3368 incredibile
2184 3334 2342 3381 neque
2379 3309 2598 3386 ιιιὶιιιιῆξ

325 3396 367 3442 si
404 3395 512 3442 cum
549 3394 669 3441 nihil
707 3393 888 3442 habeat
924 3395 972 3441 in
1012 3409 1090 3454 se,
1146 3393 1275 3456 quod
1315 3394 1407 3456 ipsi
1457 3394 1811 3454 corruptionem
1858 3392 2086 3452 intentet,
2137 3392 2256 3440 nihil
2295 3406 2571 3454 coenosum,
2610 3439 2634 3468 f

325 3465 411 3514 sed
447 3467 628 3515 lumine
666 3480 788 3529 puro
828 3466 1012 3515 fruatur
1036 3482 1094 3516 ex
1121 3467 1282 3526 coelO,
1321 3466 1466 3529 plena
1491 3465 1649 3514 calore
1674 3478 1770 3512 non
1797 3463 2028 3514 adurente
2055 3471 2102 3514 et
2125 3467 2236 3528 igne
2262 3479 2356 3513 non
2384 3465 2573 3526 rabido,
2595 3422 2652 3541 d

326 3537 412 3586 sed
449 3540 676 3588 humecto
711 3545 758 3588 et
795 3541 994 3587 innoxio
1009 3536 1077 3602 ⁵⁵³)
1117 3541 1391 3600 (Xylander:
1426 3541 1582 3597 saevo)
1612 3543 1658 3586 et
1696 3537 1960 3586 secundum
1997 3543 2220 3602 naturam
2257 3538 2493 3597 habente,
2531 3538 2573 3586 si
2622 3540 2642 3556 ·'

327 3611 450 3660 haec
488 3614 684 3674 inquam
723 3614 1043 3660 amoenitates
1089 3611 1304 3660 locorum
1344 3610 1596 3673 complexa
1634 3615 1708 3658 est
1755 3609 2066 3659 admirabiles
2111 3618 2395 3672 montesque
2432 3611 2574 3659 flam·
2618 3607 2625 3614 “

328 3685 570 3732 mantibus
610 3685 790 3733 similes
819 3691 866 3734 et
893 3684 1090 3747 cingula
1128 3684 1365 3743 caerulea,
1407 3686 1576 3732 aur‘um
1611 3696 1723 3732 vero
1761 3688 1810 3732 et
1847 3689 2097 3745 argentum
2136 3698 2231 3732 non
2271 3683 2487 3746 dispersa
2523 3685 2573 3731 in
2644 3717 2652 3740 ⁴

328 3756 583 3819 profundo,
623 3758 707 3805 sed
747 3773 805 3806 ex
843 3757 1138 3819 planitiebus
1177 3759 1455 3807 enascentia
1491 3771 1669 3818 magna
1707 3757 1865 3818 copia,
1903 3756 1981 3805 vel
2019 3748 2068 3803 ἰῖι
2106 3756 2364 3818 laevigatis
2403 3756 2572 3804 altitnss·
2639 3778 2643 3783 -

331 3829 522 3878 dinibus
563 3833 797 3888 (collibus)
840 3832 1085 3891 vagantia.
1163 3830 1268 3878 Etsi
1315 3844 1429 3879 vero
1482 3843 1638 3877 rerum
1689 3830 1889 3877 istarum
1942 3835 2166 3892 aspectus
2216 3844 2303 3891 per
2355 3829 2572 3877 umbram

329 3902 451 3951 alias
490 3901 628 3951 aliter
664 3902 728 3950 ad
765 3917 853 3952 nos
890 3904 1136 3968 pertingit,
1177 3903 1240 3952 ob
1265 3901 1596 3954 diversitatem
1621 3907 1671 3951 et
1696 3904 2122 3954 commutationem
2147 3900 2390 3965 quandam
2426 3900 2574 3952 medii
