2652 4088
291 143 364 212 58
1209 152 1400 205 soannis
1430 151 1619 215 nepita

290 299 467 352 colores
498 306 744 359 terrarum,
787 303 992 362 equidem
1023 304 1194 351 rectius
1232 304 1394 349 saltem
1423 316 1569 361 aequo
1593 305 1700 362 jure
1730 305 1923 358 dixeris,
1967 321 2123 354 omnes
2153 309 2331 356 colores
2359 315 2543 366 praeter

290 365 463 420 nigrum
495 366 660 421 gradus
687 381 791 414 esse
821 369 877 415 ad
908 370 1054 415 lucem
1086 384 1263 427 puram.
1305 370 1463 426 Quoad
1494 372 1762 423 vacuitatem
1794 373 1995 419 colorum
2022 374 2069 419 in
2090 376 2245 433 aquis:
2277 379 2412 431 negat
2439 388 2542 421 eam

289 432 558 478 Aristoteles
589 431 742 478 libello
774 433 830 479 de
863 435 1113 493 coloribuS,
1145 435 1348 482 defendit
1379 437 1627 494 expressis,
1659 451 1805 496 aquae
1835 438 2032 483 colorem
2062 440 2110 484 in
2137 442 2316 498 nigrum
2345 453 2542 499 vergere.

287 497 566 551 Argumenta
598 498 741 544 utitur
761 514 789 545 a
810 513 948 547 sensu
979 503 1124 554 visus,
1158 502 1279 558 quod
1311 506 1434 551 terra
1464 503 1608 554 omnis
1639 503 1801 559 pluviis
1832 503 2044 549 humecta
2073 505 2242 560 nigrior
2272 505 2344 563 sit,
2374 506 2542 550 siccato

286 563 472 610 humore
503 577 585 621 per
614 565 807 611 calorem
838 566 955 612 Solis
987 567 1151 613 clarius
1183 567 1364 613 eniteat.
1425 568 1797 626 Experimentum
1829 582 1912 623 ego
1943 570 2096 615 addidi
2126 569 2247 616 alind
2279 586 2304 616 e
2333 585 2384 617 re
2413 584 2543 629 prae·

289 631 427 684 senti,
470 645 570 675 cum
601 631 776 686 Pragae
811 646 883 677 me
922 642 1110 690 propter
1149 641 1290 679 staret
1327 634 1534 682 literatus
1564 638 1802 695 quisquam
1833 636 1879 680 in
1908 641 2068 691 ponte,
2112 636 2401 693 splendorem
2432 637 2544 682 mihi

286 709 502 752 aquarum
523 696 776 754 inculcans,
808 704 860 747 ut
881 698 1071 745 Galilaei
1101 702 1444 747 assertationem
1474 703 1758 748 convelleret.
1797 702 1925 749 Jussi
1956 703 2094 756 enim,
2129 703 2186 747 ad
2218 703 2436 760 imagines
2466 701 2544 747 do·

286 775 460 808 morum
492 762 537 807 in
571 763 702 808 undis
732 764 981 822 respiceret
1010 779 1179 822 easque
1222 780 1323 812 cum
1367 776 1492 817 recto
1523 774 1710 824 aspectu
1749 768 1963 817 domuum
2003 770 2204 825 ipsarum
2243 775 2544 825 compararet:

285 827 571 875 manifestum
603 829 720 874 enim
754 830 974 879 claritatis
1006 831 1242 882 discrimen
1277 840 1349 880 est
1378 840 1424 880 et
1453 835 1672 892 imagines
1702 834 1749 879 in
1780 834 1912 879 undis
1935 832 2229 880 obscuriores.
2287 834 2362 880 Sic
2391 835 2543 891 itaque

286 898 332 939 et
361 892 550 945 dilutum
583 902 629 940 et
659 902 879 941 retortum
909 903 979 943 est
1008 899 1133 955 prius
1156 908 1472 958 argumentum
1494 915 1640 946 meum
1662 900 1720 946 de
1741 899 1968 950 coloribus
1989 904 2212 947 terrarum
2243 904 2290 944 et
2308 898 2543 946 undarum.

286 959 416 1016 Quod
447 960 638 1010 alterum
669 963 831 1009 attinet
861 977 888 1008 a
918 965 1358 1022 resplendescentia‚
1391 966 1435 1012 id
1469 967 1561 1014 tale
1592 973 1675 1023 est,
1706 973 1758 1016 ut
1787 967 1832 1013 in
1864 964 1977 1021 ipsis
1999 964 2172 1021 Optieis
2205 964 2294 1011 alio
2323 964 2439 1022 loco,
2470 965 2548 1012 ubi

285 1025 342 1070 de
380 1025 705 1075 illuminatione
743 1031 902 1076 Lunae
941 1044 1049 1091 ago,
1089 1033 1178 1078 vim
1217 1033 1318 1090 eJus
1362 1032 1663 1080 dissolverim.
1723 1031 1837 1077 Nam
1870 1031 1911 1076 si
1940 1031 2198 1087 exemplum
2228 1031 2448 1078 undarum
2487 1030 2546 1081 de

283 1093 539 1151 propinquo
578 1103 882 1155 spectatarum
924 1097 1205 1155 applicamus
1235 1098 1294 1142 ad
1324 1111 1518 1153 corpora
1549 1097 1766 1151 rotunda,
1808 1096 2038 1146 immensis
2077 1096 2328 1145 intervallis
2358 1101 2545 1154 semota,

281 1159 546 1209 lonaissime
584 1162 843 1209 aberramus
874 1177 901 1208 a
930 1164 1020 1215 via,
1065 1169 1117 1209 ut
1146 1178 1329 1210 causam
1361 1163 1638 1208 adducentes
1660 1175 1779 1213 ,eam
1812 1174 1930 1219 quae
1965 1174 2057 1211 non
2098 1169 2168 1209 est
2198 1176 2352 1209 causa.
2412 1162 2544 1221 Quod

285 1224 405 1271 enim
433 1236 578 1284 aquae
607 1234 795 1286 propter
822 1235 968 1274 terras
999 1228 1130 1275 fusae
1162 1229 1416 1286 splendent,
1450 1228 1622 1273 faciunt
1651 1227 1699 1272 id
1732 1228 1974 1286 splendore
2005 1243 2094 1275 non
2128 1243 2224 1285 suo,
2258 1229 2337 1274 sed
2369 1229 2488 1275 aeria
2516 1242 2546 1276 a

285 1290 391 1339 Sole
411 1291 664 1348 illuminati,
694 1295 825 1351 quus
846 1296 905 1342 ab
928 1295 1046 1340 omni
1067 1295 1203 1353 plaga
1223 1295 1373 1353 illapsi
1402 1295 1517 1342 radii
1549 1294 1686 1340 lucidi
1709 1294 1765 1343 ad
1787 1301 1966 1341 nostros
1986 1297 2352 1354 repercutiuntur
2372 1294 2542 1340 oculos.

281 1357 380 1415 Age
409 1359 527 1404 enim
548 1360 695 1406 velum
715 1368 822 1419 post
841 1375 983 1420 aquas
1015 1362 1242 1416 obducito,
1273 1376 1363 1419 quo
1395 1361 1579 1408 claritas
1610 1361 1728 1406 aeris
1770 1359 1997 1410 ulterioris
2037 1363 2382 1419 intersepiatur:
2423 1360 2546 1409 illico

283 1423 456 1469 videbis
496 1426 768 1472 exstinctum
806 1426 926 1473 hunc
962 1441 1182 1485 aquarum
1221 1427 1520 1483 splendorem.
1577 1426 1707 1470 Hanc
1748 1426 2016 1472 solutionem
2056 1427 2310 1485 argumenti
2349 1427 2437 1472 mei
2466 1427 2544 1475 ad·

274 1488 409 1550 junxi
438 1488 485 1534 in
515 1492 716 1549 margine
746 1493 822 1539 fol.
843 1493 943 1540 252.
978 1495 1082 1550 opt.
1106 1494 1228 1539 Astr.
1261 1494 1362 1550 (vul.
1390 1497 1431 1537 11
1474 1509 1515 1549 p.
1536 1492 1647 1549 487)
1678 1491 1795 1538 inter
1823 1493 2129 1550 relegendum.
2169 1494 2274 1541 Jam
2306 1505 2413 1540 vero
2442 1506 2544 1548 eor-

282 1566 396 1609 pora
426 1555 642 1602 coelestia
674 1558 842 1604 lumine
874 1559 992 1605 Solis
1024 1559 1292 1606 collustrata
1323 1565 1370 1603 et
1399 1559 1606 1616 inspecta
1636 1557 1810 1603 eminus
1839 1572 2123 1616 nequaquam
2156 1560 2365 1605 videntur
2392 1571 2545 1616 reper-

283 1620 426 1670 cussis
457 1623 607 1679 optica
628 1630 673 1670 et
695 1625 919 1681 speculari
949 1626 1049 1681 lege
1076 1626 1215 1673 radiis
1246 1625 1378 1682 Solis,
1411 1625 1491 1670 sed
1521 1624 1622 1671 luce
1654 1625 1984 1671 communicata
2015 1639 2043 1670 a
2074 1624 2191 1681 Sole,
2224 1631 2277 1671 ut
2301 1624 2347 1670 in
2370 1623 2546 1681 Opticis

283 1700 381 1737 eam
413 1689 660 1747 appellavi,
705 1697 750 1741 et
778 1694 963 1750 propria
995 1693 1091 1750 jam
1122 1706 1360 1751 corporum
1400 1691 1522 1742 facta
1561 1690 1618 1737 ob
1656 1690 1948 1748 asperitatem
1981 1690 2334 1747 superficierum.
2394 1691 2546 1745 Atque

281 1754 397 1803 haec
427 1756 506 1800 lux
537 1759 864 1807 communicata
894 1761 937 1805 vi
968 1759 1242 1807 definitionis
1273 1770 1383 1807 suae
1415 1756 1575 1801 fortior
1605 1763 1676 1802 est
1705 1756 1752 1805 in
1783 1756 1935 1811 terris,
1976 1769 2109 1813 quam
2140 1757 2186 1802 in
2216 1756 2365 1802 undis.
2427 1755 2548 1800 Satis

280 1822 369 1869 hoc
407 1823 465 1873 ad
505 1823 767 1871 dilutionem
811 1826 1064 1883 argumenti
1094 1825 1321 1871 contrarii.
1382 1824 1471 1869 Pro
1502 1836 1609 1868 vera
1649 1822 1898 1878 sententia,
1943 1835 2060 1879 quae
2099 1822 2356 1868 maculosas
2391 1825 2547 1878 partes

279 1887 420 1932 tradit
448 1901 548 1934 esse
579 1896 630 1937 ut
659 1892 799 1936 maria
830 1898 875 1938 et
904 1893 1054 1949 lacus,
1099 1892 1274 1939 lucidas
1313 1904 1421 1936 vero
1453 1896 1504 1936 ut
1533 1890 1697 1936 siccam
1729 1888 2035 1935 continentem
2066 1889 2138 1935 vel
2168 1888 2363 1943 insulas,
2404 1900 2549 1949 argus

278 1960 430 1999 menta
458 1954 592 2011 plane
617 1956 968 2004 demonstrativa
997 1958 1137 2003 habes
1169 1957 1214 2001 in
1246 1957 1422 2002 Nuncio
1457 1954 1641 2000 Sidereo
1684 1953 1876 1999 Galilaei
1906 1953 2043 2011 inque
2073 1967 2174 2001 mea
2203 1967 2305 2001 cum
2335 1952 2414 1999 illo
2443 1953 2547 1998 Dis,-

281 2021 541 2077 sertatione,
572 2022 649 2069 fol.
671 2023 742 2070 16.
775 2025 880 2080 (vol.
912 2030 964 2069 11.
994 2041 1039 2082 p.
1069 2024 1195 2079 495),
1229 2022 1424 2079 denique
1454 2021 1639 2067 Astron.
1674 2020 1866 2077 Gopern.
1898 2018 1978 2066 lib.
2010 2020 2087 2067 VI.
2118 2020 2197 2068 fol.
2228 2021 2313 2067 831
2339 2023 2446 2078 (vol.
2473 2023 2544 2063 vl.

279 2100 324 2143 p.
355 2088 488 2144 485),
521 2092 568 2132 et
597 2101 736 2145 supra
766 2090 886 2136 Nota
917 2091 1014 2136 147.

455 2154 593 2200 Hisce
622 2157 883 2213 praemissis
915 2158 972 2204 ad
1003 2156 1256 2205 cautionem
1281 2155 1603 2211 necessariam,
1634 2166 1754 2200 nunc
1780 2154 1875 2210 jam
1897 2151 2098 2200 rationes
2128 2149 2364 2209 explicabo
2397 2150 2545 2207 singu·

281 2218 424 2264 larum
455 2219 594 2277 hujus
627 2221 942 2280 descriptionis
973 2222 1311 2281 particularum.
1358 2222 1419 2267 Et
1451 2220 1595 2280 primo
1628 2219 1808 2278 quidem
1840 2217 2015 2274 antiqui
2048 2217 2168 2266 orbis
2199 2223 2437 2274 aspectum
2469 2215 2548 2260 ob·

283 2287 526 2334 senriorem
559 2287 666 2342 feci,
707 2296 855 2342 ratus,
902 2295 952 2336 ut
990 2288 1103 2343 dixi,
1145 2293 1290 2333 terras
1320 2288 1556 2344 nigricare.
1619 2286 1825 2333 Maculas
1856 2283 1987 2343 quasi
2017 2283 2255 2332 continuas
2286 2281 2400 2335 dixi,
2440 2282 2547 2339 quia

280 2352 465 2409 Europa
498 2367 600 2399 cum
631 2355 740 2400 Asia
769 2356 1058 2403 continuatur
1088 2355 1135 2400 in
1168 2355 1374 2414 Scythia,
1405 2355 1516 2402 Asia
1546 2367 1648 2399 cum
1681 2352 1836 2399 Africa
1866 2351 1913 2396 in
1941 2350 2139 2397 Arabiae
2171 2361 2225 2396 ea
2253 2355 2399 2406 parte,
2431 2359 2548 2407 quae

280 2423 350 2463 est
379 2417 496 2466 inter
528 2421 782 2477 Aegyptum
813 2428 860 2466 et
889 2420 1209 2469 Palaestinam.

455 2485 557 2531 155.
587 2486 871 2543 Medietatis,
914 2488 960 2533 in
991 2500 1082 2544 qua
1111 2499 1253 2535 novus
1284 2485 1426 2542 orbis,
1471 2490 1705 2542 aspectum
1736 2483 1875 2543 paulo
1904 2481 2142 2530 clariorem
2173 2480 2267 2530 diri
2298 2493 2356 2528 ,ex
2388 2479 2547 2529 eodem

281 2560 453 2604 errore,
497 2551 603 2608 qnia
643 2552 747 2608 plus
777 2553 815 2598 is
854 2553 992 2600 habet
1029 2553 1219 2599 marium
1249 2557 1295 2596 et
1326 2563 1492 2608 magna
1522 2550 1681 2597 oceani
1712 2551 1881 2610 spatia,
1920 2556 2013 2594 tam
2042 2548 2274 2597 interioris
2305 2561 2439 2605 quam
2470 2559 2546 2594 ex·

280 2614 473 2670 terioris,
506 2629 621 2672 quae
643 2618 895 2663 Amerinam
926 2619 970 2662 in
1002 2618 1148 2663 medio
1183 2624 1352 2672 cogunt
1380 2618 1425 2662 in
1458 2617 1669 2662 isthmum
1695 2625 1937 2672 angustum
1961 2629 2148 2673 eamque
2171 2613 2543 2673 quasijugulaut.

459 2681 557 2731 156.
587 2682 794 2729 Oceanus
814 2683 1106 2738 Brasilianus‚
1130 2683 1400 2732 Atlanticus.
1430 2682 1809 2737 Deucaledonius,
1834 2682 2058 2734 Glacialis‚
2089 2682 2280 2727 tendens
2308 2681 2354 2726 in
2377 2680 2542 2726 fretum

280 2752 429 2799 Anian
470 2752 719 2808 exiensque
760 2750 808 2796 in
838 2762 1056 2797 oceanum
1086 2750 1355 2807 Japonicum
1386 2755 1432 2793 et
1463 2747 1846 2805 Philippinarum,
1891 2747 2293 2804 Moluccarumque
2331 2753 2378 2792 et
2417 2745 2541 2794 salo·

279 2832 548 2866 moniarum.

454 2885 554 2930 157.
585 2884 815 2943 Respeetn
845 2882 1000 2930 habito
1032 2882 1091 2928 ad
1122 2880 1348 2937 cingulum
1380 2879 1549 2927 dictum
1579 2891 1661 2924 seu
1692 2879 1749 2927 ad
1781 2893 2001 2927 oceanum
2032 2879 2327 2926 Atlanticum.

454 2949 553 2997 158.
583 2948 748 2997 Africa.
802 2950 899 2996 159.
935 2949 1133 3005 Europa.
1190 2949 1287 2994 160.
1320 2945 1562 3002 Sarmatia,
1602 2945 1815 3002 Thracia,
1856 2945 1991 2990 Ponti
2021 2945 2250 3002 regiones,
2295 2942 2542 3001 Moscovia„

196 3009 199 3012 ”
280 3015 527 3064 Tartariae.
582 3016 676 3061 161.
699 3014 946 3064 Britannia.
1005 3016 1102 3063 162.
1136 3013 1435 3061 scandinavia
1456 3025 1537 3058 seu
1559 3012 1719 3068 Dania‚
1751 3012 2036 3069 Nordwegia,
2068 3011 2243 3058 Suecia.
2296 3011 2395 3056 163.
2418 3009 2541 3067 Asia,

282 3082 503 3138 Tartaria,
534 3081 735 3136 Catheis,
768 3080 916 3134 Sinae,
950 3080 1079 3124 India
1107 3085 1193 3125 etc.

454 3147 556 3194 164.
588 3147 696 3192 Asia
726 3146 908 3204 quidem
937 3146 984 3191 in
1015 3147 1232 3192 orientem
1262 3145 1488 3204 procurrit
1517 3147 1574 3192 ab
1606 3146 1804 3203 Europa.
1858 3144 1920 3189 At
1950 3143 2056 3201 quia
2084 3145 2216 3189 Luna
2247 3156 2347 3189 eam
2378 3142 2545 3190 incedit

279 3217 395 3262 viam
427 3216 546 3261 circa
576 3215 785 3268 Terram,
825 3225 959 3270 quam
991 3212 1254 3270 superficies
1287 3212 1456 3257 Terrae
1487 3211 1654 3256 circum
1686 3225 1839 3271 axem,
1881 3209 1933 3255 fit
1965 3214 2013 3254 ut
2043 3209 2230 3255 inferius
2262 3209 2432 3255 Terrae
2462 3220 2543 3255 seu

280 3281 451 3328 Volvae
480 3279 860 3337 hemisphaerium
891 3278 1102 3325 lunicolis
1134 3280 1179 3323 in
1211 3278 1489 3324 occidentem
1519 3278 1583 3322 ire
1614 3278 1836 3325 videatur.

458 3349 557 3394 165.
590 3347 799 3392 Oceanus
839 3351 1056 3403 uterque,
1095 3358 1152 3397 ex
1183 3344 1302 3390 falsa
1332 3343 1504 3389 scilicet
1534 3343 1789 3400 hypothesi.
1854 3340 1934 3386 166
1984 3341 2231 3389 Continens
2262 3339 2544 3386 Amet-icona.

285 3414 381 3460 167.
415 3413 616 3458 Amerina
635 3411 953 3457 meridionalis.
1006 3412 1107 3458 168.
1140 3411 1410 3466 niumagun,
1441 3409 1680 3463 Jucatana,
1706 3409 1952 3466 Popajana.
2009 3406 2102 3452 169.
2135 3406 2249 3451 Vide
2280 3406 2383 3452 164.
2427 3405 2545 3452 Nam

283 3479 476 3525 Brasilia
516 3480 697 3537 quidem
747 3492 905 3523 versus
941 3477 1141 3522 Africam
1178 3476 1226 3520 in
1266 3474 1484 3520 orientem
1524 3478 1716 3531 spectat.
1790 3474 1891 3520 170.
1932 3473 2140 3519 Brasilia.
2201 3473 2301 3519 171.
2337 3471 2545 3518 Amen’ca

280 3545 658 3603 septentrionalis.
722 3546 818 3591 172.
850 3543 1165 3602 Megellanica.

452 3611 553 3657 173.
587 3611 691 3655 Sole
711 3611 759 3655 in
784 3611 957 3656 Cancro
988 3613 1196 3654 versante
1215 3606 1347 3664 polus
1367 3605 1535 3651 Terrae
1566 3617 1648 3650 sen
1678 3604 1811 3661 primi
1831 3603 2024 3661 mobiliS,
2055 3603 2144 3650 hoc
2175 3609 2247 3650 est
2275 3602 2542 3653 turbinatio-

279 3676 351 3721 nis
379 3675 571 3730 Volvae,
618 3677 725 3722 solis
765 3678 845 3734 662
881 3676 1108 3731 gradibus,
1152 3689 1178 3719 a
1210 3673 1314 3718 Sole
1344 3670 1516 3716 recedit
1558 3676 1604 3714 et
1635 3669 1700 3713 sic
1730 3670 1864 3714 etiam
1896 3683 1923 3714 a
1953 3677 2108 3715 centro
2140 3671 2211 3716 sui
2241 3669 2376 3724 disci,
2408 3681 2543 3725 quem

283 3755 341 3786 ex
370 3740 490 3786 linea
517 3755 598 3798 per
628 3749 781 3788 centra
813 3743 930 3787 Solis
961 3748 1006 3786 et
1037 3741 1207 3785 Volvae
1237 3738 1459 3794 aspiciunt
1488 3734 1728 3780 lunicolae.
1758 3735 1922 3780 Discus
1952 3735 2089 3790 igitur
2117 3734 2286 3782 Volvae
2317 3733 2436 3782 ultra
2465 3747 2544 3790 po·

283 3806 376 3852 lum
408 3806 507 3863 ejus
538 3809 737 3852 excurrit
766 3821 849 3864 per
879 3808 963 3867 233,
994 3805 1184 3863 gradus,
1218 3803 1450 3848 decliviter
1479 3802 1659 3858 quidem
1688 3800 1934 3858 inspectos.
1994 3801 2081 3847 Est
2109 3813 2216 3856 ergo
2247 3800 2445 3857 qualium
2472 3813 2545 3846 se-
2622 3839 2625 3844 .
2650 3783 2652 3844 ἶ

283 3873 564 3937 midiameter
590 3871 705 3921 disci
725 3874 809 3930 601,
839 3873 998 3920 talium
1016 3873 1138 3918 linea
1164 3884 1225 3918 ex
1257 3877 1415 3917 centro
1446 3868 1559 3915 disci
1588 3868 1647 3914 ad
1676 3867 1826 3914 locum
1857 3869 1942 3915 sub
1973 3868 2080 3926 polo
2112 3869 2199 3914 55¹.
