2652 4088
331 187 437 247 100
1187 182 1456 235 Plutarchus
1488 184 1544 234 de
1572 183 1709 236 Facie

327 357 413 406 pes
452 355 603 401 meua
640 340 712 387 uti
750 337 958 400 dicebat,
998 343 1046 388 et
1083 337 1278 387 Saturni
1315 338 1581 387 ministerio
1621 353 1819 402 vacans,
1858 338 2080 388 sideralis
2106 338 2302 402 quidem
2338 340 2573 389 scientiae

328 429 387 464 eo
425 428 579 476 usque
607 426 836 474 quorsum
874 413 932 474 is,
971 413 1055 474 qui
1093 412 1386 472 geometriae
1426 410 1560 459 dedit
1597 425 1807 474 operam,
1847 428 1992 476 quam
2031 411 2311 475 longissime
2348 413 2574 475 progredi

326 494 502 553 potest,
545 487 890 548 experientiam
932 489 1220 532 consecutus
1248 490 1334 540 est,
1375 497 1434 531 ex
1459 483 1772 547 philosophia
1808 500 1924 534 vero
1954 484 2141 547 reliqua
2176 491 2363 548 partem
2399 485 2574 549 physi-

328 576 433 610 cam
471 573 732 620 usurpans,
786 557 1049 619 cupiditate
1087 557 1176 603 fuit
1213 557 1441 604 incensus
1481 562 1529 604 et
1567 556 1802 606 desiderio
1845 558 2212 620 perlustrandae
2250 573 2458 621 magnae
2495 560 2574 605 in-

326 633 486 693 sulae,
537 633 607 679 sic
647 632 774 679 enim
812 636 866 678 ut
914 629 1104 677 videtur
1150 630 1474 676 continentem
1512 629 1671 690 illam,
1716 632 1765 677 in
1803 645 1900 693 qua
1938 645 2028 679 nos
2066 630 2359 692 habitamu8‚
2400 630 2574 693 appel-

324 705 443 753 lant.
517 703 788 766 Postquam
837 717 951 750 vero
990 703 1188 763 triginta
1234 703 1348 749 anni
1386 717 1538 749 morae
1569 706 1667 761 ejus
1697 707 1744 750 in
1775 705 1947 763 Ogygia
1991 704 2294 764 effluxerunt,
2335 718 2445 753 cum
2482 718 2574 767 ap-

324 778 563 848 pulissent
599 789 904 824 successores
943 789 968 822 e
1005 776 1164 836 patria
1201 789 1291 822 sua
1318 778 1544 835 America,
1579 774 1687 824 vale
1726 777 1895 823 amicis
1934 775 2064 824 dicto
2093 776 2314 826 discessit
2339 783 2388 825 et
2414 783 2575 825 cetera

323 853 587 898 instructus
635 848 938 896 mediocriter
976 854 1024 895 et
1067 848 1297 895 viaticum
1346 850 1596 911 copiosum
1643 850 1690 894 in
1741 848 1930 910 poculis
1984 851 2144 897 aureis
2192 849 2450 912 deportans
2471 846 2572 914 lo⁶).

327 922 465 985 Quae
503 924 650 984 igitur
689 928 736 970 et
774 926 957 983 quanta
1003 934 1177 982 passus
1215 922 1301 980 sit,
1351 927 1470 983 quot
1509 921 1681 969 adierit
1727 927 1924 982 genteS,
1974 935 2098 983 quos
2136 923 2182 968 in
2220 922 2371 970 libros
2410 935 2574 970 sacros

323 995 545 1045 inciderit
583 997 711 1056 ipse,
754 995 838 1057 qui
864 994 1088 1042 omnibus
1126 995 1274 1040 sacris
1313 1000 1415 1041 erat
1453 995 1696 1052 initiatus,
1736 1007 1834 1042 non
1873 995 2014 1042 unius
2055 994 2149 1043 diei
2190 1010 2313 1058 opus
2352 1003 2425 1043 est
2462 1009 2574 1057 per-

324 1071 479 1132 sequi,
520 1074 573 1116 ut
610 1069 713 1130 ipse
754 1066 948 1129 quidem
984 1067 1127 1114 nobis
1165 1065 1345 1126 retulit,
1385 1068 1507 1115 bene
1544 1065 1804 1116 admodum
1845 1072 1892 1114 et
1930 1068 2211 1129 singulatim
2251 1070 2412 1116 omnia
2440 1081 2575 1115 com-

323 1155 611 1191 memorans,
691 1139 829 1201 Quae
882 1154 997 1190 vero
1045 1139 1108 1187 ad
1151 1145 1462 1200 ,praesentem
1513 1141 1932 1189 conversationem
1979 1142 2242 1202 pertinent,
2296 1155 2355 1189 ea
2393 1140 2572 1189 audite.

323 1215 593 1263 Plurimum
620 1215 747 1262 enim
773 1215 1003 1275 temporis
1030 1211 1324 1273 Carthagine
1362 1220 1576 1261 moratus
1602 1219 1690 1273 est,
1730 1218 1783 1259 ut
1821 1213 1905 1275 qui
1929 1212 2060 1275 apud
2086 1227 2174 1261 nos
2213 1215 2360 1262 etiam
2386 1216 2574 1276 magnis

323 1288 591 1338 honoribus
631 1286 788 1335 cultus
826 1286 929 1341 fuit,
970 1287 1088 1348 quia
1124 1299 1287 1332 sacras
1324 1287 1532 1348 paginas
1570 1292 1699 1346 tum,
1729 1284 1923 1348 quando
1950 1287 2080 1348 prior
2117 1287 2232 1334 urbs
2272 1301 2444 1335 eversa
2468 1287 2574 1346 suit,

325 1361 451 1410 clam
488 1367 730 1422 surreptas
754 1359 1006 1421 multoque
1041 1364 1256 1420 tempore
1294 1357 1543 1407 latitantes
1577 1360 1767 1421 subque
1805 1365 1981 1406 terram
2019 1358 2238 1407 defossas
2277 1361 2382 1422 ipse
2422 1361 2575 1408 vesti-

322 1433 484 1497 gando
524 1435 721 1482 invenit.
798 1431 1079 1480 Visibilium
1117 1433 1262 1493 igitur
1299 1446 1386 1479 seu
1426 1433 1795 1493 conspicuorum
1844 1430 2042 1479 deorum
2093 1431 2287 1480 dicebat
2336 1440 2572 1495 oportere,

323 1521 498 1570 meque
537 1506 659 1554 adeo
694 1506 903 1567 jubebat
940 1505 1203 1552 honoribus
1241 1506 1515 1566 praecipuis
1553 1505 1708 1553 colere
1734 1504 1939 1564 Lunam,
1980 1511 2034 1551 ut
2060 1519 2185 1567 quae
2211 1506 2260 1551 in
2287 1507 2390 1554 vita
2414 1505 2575 1568 pluri-

321 1595 454 1628 mum
491 1579 698 1642 polleret
734 1575 933 1640 (quippe
973 1577 1251 1626 elementari
1289 1578 1805 1639 regioni—nostraeque
1844 1576 2154 1642 habitationi)
2193 1580 2490 1641 contiguam.

498 1652 621 1700 Cum
659 1665 750 1714 ego
788 1653 984 1699 mirarer
1021 1652 1115 1697 ista
1152 1662 1468 1712 rogaremque
1507 1657 1559 1698 ut
1596 1651 1753 1713 magis
1783 1652 2035 1713 perspicue
2076 1665 2134 1699 ea
2158 1651 2326 1700 audire
2362 1666 2571 1715 possem,

322 1724 490 1786 multa,
532 1726 702 1787 inquit,
745 1738 772 1772 o
800 1723 950 1787 Sylla,
993 1722 1051 1771 de
1080 1723 1186 1780 diis,
1227 1731 1277 1770 at
1313 1737 1411 1771 non
1450 1725 1612 1771 omnia
1650 1730 1778 1772 recte
1821 1722 2044 1771 dicuntur
2082 1739 2112 1772 a
2140 1723 2357 1773 GraeciS.
2420 1724 2573 1774 Verbi

323 1813 495 1858 causa,
537 1805 590 1846 ut
628 1800 675 1844 in
716 1799 822 1859 ipso
864 1797 1071 1858 vestigio
1112 1795 1289 1855 dicam,
1329 1801 1484 1857 recte,
1534 1811 1642 1844 cum
1683 1796 1904 1845 Cererem
1944 1802 1991 1844 et
2031 1796 2272 1859 Pupulam
2312 1797 2571 1858 celebrant,

321 1885 419 1919 non
475 1885 585 1920 vero
634 1876 762 1919 recte
813 1875 1066 1931 utramque
1115 1874 1162 1916 et
1209 1869 1353 1916 simul
1400 1875 1448 1917 et
1497 1871 1624 1917 circa
1671 1868 1876 1917 eundem
1926 1868 2087 1918 locum
2134 1885 2239 1919 esse
2279 1872 2570 1919 existimant.

323 1944 494 1992 Altera
533 1945 659 1992 enim
698 1945 746 1990 in
785 1942 934 1991 Terra
971 1947 1044 1990 est
1081 1947 1130 1989 et
1169 1941 1363 1990 domina
1400 1944 1720 2002 terrestrium,
1771 1941 1925 1990 altera
1963 1943 2011 1989 in
2051 1941 2217 2002 Luna,
2260 1958 2385 2005 quae
2425 1945 2570 1992 etiam

323 2018 386 2066 ab
424 2018 538 2077 illis,
580 2018 664 2078 qui
702 2018 749 2063 in
789 2015 931 2063 Luna
967 2021 1094 2074 sunt,
1136 2013 1286 2075 Core,
1326 2013 1375 2061 id
1414 2020 1488 2063 est
1525 2014 1720 2078 Pupula
1757 2017 2034 2063 nominatur
2073 2021 2120 2063 et
2157 2016 2450 2079 Proserpina
2472 2013 2569 2082 ¹⁰⁶),

322 2090 416 2139 hoc
454 2089 672 2153 quidem,
725 2094 779 2136 ut
817 2102 941 2151 quae
979 2089 1041 2135 sit
1079 2086 1370 2150 Luciporta‚
1426 2087 1621 2150 Pupula
1657 2102 1798 2148 vero,
1848 2090 1964 2150 quia
2014 2091 2159 2138 etiam
2198 2096 2365 2138 contra
2403 2088 2570 2139 oculos

321 2163 489 2225 fulget,
528 2166 577 2209 in
617 2163 792 2225 quibus
830 2159 1140 2210 simulacrum
1178 2168 1251 2209 est
1289 2163 1568 2223 spectantiS,
1607 2175 1753 2223 quam
1791 2161 2025 2224 pupulam
2063 2161 2396 2224 appellamus,
2445 2164 2572 2211 sicut

318 2236 463 2299 jubar
500 2236 630 2285 Solis
669 2237 717 2282 in
755 2231 900 2284 Luna
936 2239 1195 2296 spectatur.
1249 2232 1386 2294 Quae
1429 2248 1540 2283 vero
1580 2233 1639 2282 de
1679 2235 1918 2283 erroribus
1957 2236 2171 2296 ipsarum
2212 2235 2368 2298 deque
2407 2236 2570 2298 inqui-

322 2312 500 2359 sitione
537 2315 733 2357 narrant
773 2307 947 2356 Graeci
984 2306 1099 2373 (non
1140 2309 1302 2354 omnia
1338 2307 1566 2355 fabulosa
1603 2314 1737 2368 sunt,
1787 2307 1873 2356 sed
1911 2307 2099 2369 aliquid
2140 2310 2287 2372 etiam
2324 2308 2404 2372 iis)
2446 2310 2571 2358 inest

323 2385 441 2432 veri.
517 2381 771 2431 Desiderio
812 2382 938 2429 enim
977 2386 1199 2428 tenentur
1237 2386 1430 2439 mutim,
1480 2394 1587 2428 cum
1627 2381 1689 2428 ab
1728 2382 1936 2429 invicem
1980 2387 2092 2429 sunt
2131 2378 2317 2430 divisae
2357 2387 2405 2430 et
2444 2383 2571 2431 circa

324 2456 545 2504 umbram
582 2469 729 2517 saepe
768 2468 874 2502 sese
911 2460 1079 2501 mutuo
1120 2452 1514 2515 complectuntur.
1591 2453 1721 2501 Illud
1758 2467 1898 2513 vero,
1952 2452 2084 2516 quod
2121 2468 2249 2503 nunc
2287 2453 2481 2517 quidem
2520 2456 2567 2502 in

326 2528 462 2577 coelo
502 2531 565 2576 sit
602 2534 650 2576 et
687 2529 736 2573 in
773 2526 978 2586 lumine,
1029 2539 1156 2573 nunc
1194 2528 1243 2573 in
1282 2527 1492 2574 tenebris
1531 2531 1579 2574 et
1615 2531 1785 2587 nocte,
1826 2526 1885 2574 de
1923 2525 2118 2589 Pupula
2155 2527 2331 2575 falsum
2371 2527 2567 2590 quidem

324 2615 420 2649 non
460 2608 549 2666 est,
587 2606 637 2648 at
676 2602 904 2662 temporis
943 2599 1296 2660 longinquitate
1323 2613 1551 2646 numerus
1580 2613 1786 2647 errorem
1826 2601 2079 2650 contraxit.
2139 2599 2249 2648 Non
2288 2602 2415 2649 enim
2453 2603 2568 2650 totis

325 2689 411 2723 sex
449 2674 722 2734 mensibus,
775 2672 861 2720 scd
898 2678 1009 2734 post
1047 2679 1236 2719 sextum
1275 2686 1488 2720 mensem
1541 2671 1674 2719 illam
1712 2671 1933 2720 videmus
1971 2688 2001 2720 a
2039 2672 2215 2733 Terra,
2268 2679 2501 2737 tanquam
2540 2689 2571 2723 a

323 2748 491 2795 matris
529 2746 700 2794 umbra
738 2752 955 2807 raptam,
1004 2758 1110 2791 raro
1151 2758 1266 2792 vero
1306 2743 1435 2791 istud
1485 2751 1597 2807 post
1637 2746 1855 2806 quintum
1893 2747 2086 2807 patitur.
2164 2744 2345 2809 Utique
2384 2750 2570 2810 impos-

324 2820 465 2868 sibile
503 2826 576 2868 est
614 2818 712 2879 illi,
750 2824 864 2866 tunc
901 2817 1135 2865 infernum
1174 2816 1438 2878 declinare,
1479 2817 1674 2879 quando
1712 2819 1872 2880 ipsum
1910 2819 2146 2866 infernum
2186 2820 2388 2883 trajicit,
2437 2819 2567 2883 quod

325 2899 374 2943 et
410 2893 652 2941 Homerus
691 2892 892 2940 obscure
932 2889 1142 2952 quidem,
1180 2895 1231 2938 at
1267 2904 1362 2937 non
1401 2890 1529 2937 male
1568 2890 1716 2937 dixit:

813 2964 880 3011 In
917 2978 1118 3025 campos
1154 2977 1271 3011 vero
1311 2963 1522 3025 Elysiae,
1569 2963 1780 3010 Telluris
1818 2963 1887 3011 ad
1923 2978 2054 3012 ora3.

324 3036 423 3088 Ubi
474 3040 599 3087 enim
649 3036 820 3085 umbra
864 3051 1008 3099 super
1045 3036 1240 3084 Terram
1289 3035 1545 3084 distributa
1592 3035 1790 3097 desinit,
1841 3035 1892 3084 id
1931 3037 2014 3085 ille
2052 3051 2186 3086 oram
2223 3043 2272 3086 et
2307 3039 2563 3087 terminum

325 3111 534 3161 Telluris
573 3125 677 3160 esse
715 3112 880 3173 posuit
901 3106 1002 3174 l⁰⁷).

497 3184 554 3232 In
581 3183 709 3231 hunc
734 3197 850 3231 vero
877 3197 1083 3242 campum
1123 3182 1311 3240 elysium
1337 3195 1477 3229 nemo
1504 3179 1660 3228 malus
1698 3180 1779 3229 vel
1804 3181 2079 3243 inexpiatus
2117 3181 2410 3245 ingreditur3
2428 3238 2430 3241 .
2451 3183 2565 3232 boni

326 3270 442 3306 vero
481 3263 529 3305 et
565 3257 706 3319 frugi,
744 3263 857 3318 post
896 3255 1081 3302 obitum
1119 3253 1234 3301 illuc
1275 3253 1436 3315 delati,
1475 3255 1545 3301 sic
1584 3253 1778 3315 quidem
1818 3255 1968 3301 vitam
1996 3261 2146 3317 agunt
2183 3256 2478 3315 facillimam,
2517 3262 2568 3304 at

325 3344 423 3380 non
470 3336 518 3378 et
555 3330 748 3378 beatam
799 3341 957 3390 neque
1009 3327 1250 3388 divinam3
1303 3327 1381 3375 hic
1418 3340 1571 3388 usque
1609 3326 1671 3374 ad
1708 3326 1968 3374 secundam
2018 3335 2222 3377 mortem
2268 3335 2564 3392 permanent.

328 3401 465 3463 Quae
503 3417 620 3451 vero
660 3404 722 3450 sit
759 3403 867 3462 ista,
908 3415 936 3448 o
964 3399 1114 3463 Sylla,
1155 3400 1213 3447 de
1250 3399 1326 3447 his
1349 3414 1410 3447 ne
1438 3399 1680 3461 quaerit0‚
1717 3399 1920 3461 jamjam
1959 3402 2084 3449 enim
2122 3403 2227 3465 ipse
2264 3417 2370 3450 sum
2410 3401 2568 3464 expli-

300 3481 536 3523 ·caturus.
587 3474 847 3523 Hominem
874 3480 1002 3522 recte
1030 3473 1224 3535 quidem
1260 3472 1410 3534 vulgo
1450 3473 1770 3534 compositum
1810 3472 1940 3534 quid,
1981 3488 2040 3522 ex
2074 3474 2264 3522 duabus
2303 3488 2419 3523 vero
2446 3474 2566 3523 solis

327 3547 471 3595 rebus
500 3549 820 3610 compositum
845 3561 939 3594 non
967 3552 1094 3594 recte
1122 3547 1411 3605 existimant,
1450 3543 1735 3608 particulam
1762 3547 1888 3593 enim
1917 3545 2131 3608 aliquam
2157 3549 2346 3595 animae
2385 3547 2568 3596 faciunt

327 3625 537 3667 mentem
552 3617 659 3681 108).
721 3620 824 3668 Imo
853 3633 967 3668 vero
1005 3633 1140 3667 mens
1180 3624 1314 3666 tanto
1353 3617 1523 3666 melior
1560 3623 1609 3666 et
1646 3616 1852 3666 divinior
1878 3624 1950 3666 est
1976 3621 2153 3681 anima,
2195 3626 2378 3682 quanto
2405 3622 2568 3668 anima
2621 3626 2652 3652 ¹·

330 3705 546 3753 corpore.
609 3693 770 3741 Efficit
807 3706 921 3741 vero
949 3694 1122 3740 mentis
1162 3695 1264 3751 (pro
1296 3709 1432 3750 ψυχης
1460 3693 1560 3749 lege
1590 3692 1658 3748 νε)
1698 3691 1972 3752 conjunctio
1998 3694 2250 3753 rationem,
2291 3707 2350 3741 ex
2388 3693 2566 3755 quibus
2612 3664 2652 3778 J

330 3763 534 3811 alterum
575 3766 768 3826 quidem
806 3765 1072 3826 voluptatis
1111 3772 1185 3813 est
1222 3766 1510 3828 principium
1549 3770 1596 3812 et
1623 3762 1817 3824 doloris,
1856 3764 2060 3814 alterum
2100 3767 2292 3813 virtutis
2330 3770 2379 3813 et
2414 3766 2565 3813 vitio-

329 3850 450 3883 rum.
525 3836 598 3884 Ex
635 3839 788 3886 tribus
838 3852 953 3886 vero
990 3838 1066 3885 his
1105 3839 1228 3887 inter
1265 3852 1316 3886 se
1367 3837 1631 3898 compactis
1670 3850 1844 3898 corpus
1898 3838 2092 3898 quidem
2131 3838 2303 3898 Terra,
2354 3839 2563 3885 animam

329 3907 484 3972 Luna,
523 3915 731 3959 mentem
757 3909 844 3959 Sol
879 3910 1103 3972 praebuit
1137 3912 1188 3957 in
1225 3911 1542 3961 nativitatem.
1594 3908 2012 3971 Quemadmodum
2047 3913 2194 3974 igitur
2218 3909 2387 3959 Lunae
2418 3909 2565 3972 jubar

2612 3786 2622 3813 ν’
2644 3767 2652 3816 ;“

2604 3818 2649 3908 ἒῗ

2603 3906 2652 3972 ias}

2597 3971 2652 4088 {t
