2652 4088
771 1250 1242 1368 NOTAE
1315 1250 1425 1365 J.
1507 1248 2124 1366 KEPLERI
2207 1365 2217 1370 ἱ

445 1460 535 1542 In
583 1460 898 1543 Librum
949 1448 1349 1542 Plutarchi
1403 1456 1495 1538 de
1547 1457 1744 1539 facie
1798 1459 1885 1539 in
1937 1457 2114 1540 orbe
2166 1457 2442 1538 Lunae.

499 1756 533 1801 1.
572 1755 688 1811 Quia
719 1754 832 1801 nihil
862 1754 953 1802 tale
982 1754 1028 1799 in
1062 1752 1289 1799 Sole'sibi
1318 1753 1440 1798 visus
1471 1752 1753 1809 imaginetur.

499 1821 542 1868 2.
574 1822 676 1868 Non
708 1821 891 1867 obstant
922 1820 1029 1865 huic
1060 1819 1276 1865 solutioni
1305 1818 1510 1864 maculae
1532 1817 1649 1863 Solis
1672 1830 1818 1875 nuper
1848 1816 2068 1874 detectae,
2101 1817 2207 1874 quia
2238 1829 2328 1862 non
2358 1815 2459 1863 visu
2479 1812 2582 1861 sim-

327 1886 434 1946 plici
464 1886 749 1944 deteguntur‚
784 1887 839 1932 de
872 1901 961 1943 quo
992 1886 1282 1931 Plutarchus.

503 1951 543 1998 3.
572 1951 786 2010 Ὀξυβελης
815 1949 880 2009 ἡδ’
912 1952 1094 2007 ἱλαειρα.
1147 1951 1327 1996 Ilairam
1359 1955 1404 1995 et
1429 1949 1646 1995 Phoeben
1676 1955 1855 2007 nuptas,
1889 1949 2010 1994 illam
2034 1950 2223 2005 Castori,
2255 1950 2373 1994 hanc
2394 1947 2584 2003 Polluci,

328 2017 484 2064 Inachi
515 2030 572 2062 ex
593 2018 825 2063 Philodice
855 2017 963 2075 filia,
995 2017 1214 2075 Leucippi
1246 2030 1410 2073 uxore,
1443 2022 1603 2074 neptes
1634 2015 1743 2061 facit
1765 2015 2068 2073 Apollodorus
2099 2015 2409 2060 Bibliothecae
2437 2014 2512 2061 lib.
2545 2014 2585 2060 3.

484 2084 546 2129 4.
576 2084 698 2130 Nota
729 2085 941 2142 opposita
972 2083 1176 2141 epitheta
1206 2081 1403 2139 ἀμυδρον
1434 2086 1479 2126 et
1507 2085 1716 2137 σφοδρον.

503 2153 545 2213 5.
577 2150 847 2195 Plutarchus
880 2150 1119 2195 contentus
1150 2148 1250 2199 fuit,
1283 2156 1598 2206 argumentum
1630 2161 1684 2192 ex
1718 2146 1804 2191 hac
1825 2146 2050 2203 particula
2071 2145 2310 2203 opinionis,
2342 2159 2422 2192 cur
2442 2143 2585 2190 diver-

330 2218 393 2263 sis
422 2217 593 2262 visibus
625 2215 833 2261 accidant
863 2215 1052 2272 diversa,
1085 2221 1347 2271 retorquere
1377 2214 1423 2257 in
1454 2220 1595 2258 totam
1628 2213 1898 2270 opinionem,
1933 2225 2115 2257 causam
2147 2211 2282 2267 hujus
2314 2211 2586 2257 diversitatis

328 2283 427 2340 ipse
457 2282 532 2326 hic
562 2294 652 2326 non
685 2280 896 2338 explicat,
930 2281 1035 2337 quia
1065 2279 1430 2336 intempestivum
1462 2284 1558 2323 erat
1588 2278 1802 2323 futurum.
1865 2280 1980 2324 Eam
2011 2291 2094 2323 nos
2125 2278 2344 2323 addamus
2375 2291 2432 2323 ex
2464 2278 2584 2324 veris

332 2346 580 2393 rationibus
613 2345 787 2402 opticis.
848 2346 1057 2391 Maculae
1088 2346 1202 2390 istae
1233 2344 1414 2389 lunares
1446 2350 1552 2389 sunt
1581 2344 1704 2388 reale
1739 2344 1860 2400 quid,
1893 2346 2089 2402 pingunt
2118 2345 2235 2389 enim
2268 2358 2317 2390 se
2346 2345 2473 2402 ipsae
2505 2358 2587 2402 per

333 2426 439 2459 suas
470 2411 745 2457 radiationes
787 2411 831 2455 in
862 2424 1036 2469 papyro
1082 2409 1206 2467 alba,
1245 2424 1337 2455 non
1374 2416 1551 2455 tantum
1593 2411 1631 2456 si
1668 2424 1750 2468 per
1790 2412 1905 2457 vitra
1947 2425 2152 2457 convexa
2188 2418 2425 2458 transeant
2456 2418 2501 2458 et
2530 2411 2588 2457 ad

333 2484 486 2524 certae
518 2476 762 2522 distantiae
792 2481 1011 2532 punctum
1043 2482 1335 2532 concurrant,
1377 2476 1458 2521 sed
1499 2476 1633 2521 etiam
1666 2476 1703 2520 si
1733 2489 1816 2534 per
1854 2475 2057 2522 foramen
2095 2477 2309 2534 exiguum
2348 2479 2485 2535 plane
2515 2491 2589 2522 va-

332 2557 464 2590 cuum
494 2547 729 2589 transeant
758 2542 896 2599 inque
928 2540 1145 2586 tabellam
1176 2540 1324 2585 albam
1357 2541 1530 2586 eminus
1562 2540 1780 2588 incidant.
1833 2540 1966 2598 Quod
1997 2542 2136 2600 igitur
2166 2543 2270 2588 illae
2300 2558 2392 2589 non
2424 2543 2589 2590 discer-

330 2615 499 2655 nuntur
529 2621 556 2652 a
576 2609 676 2653 visu
706 2620 988 2664 quocunque,
1018 2606 1065 2650 in
1095 2618 1235 2650 causa
1264 2619 1355 2650 non
1387 2613 1455 2651 est
1484 2606 1712 2652 facultatis
1742 2606 2043 2662 imbecillitas,
2078 2623 2214 2665 quam
2236 2610 2470 2655 Plutarchi
2501 2624 2589 2655 vox

333 2672 528 2733 ἀμυδρον
557 2674 776 2730 insinuat,
820 2672 900 2718 sed
940 2671 1095 2716 vitium
1125 2670 1412 2716 instrumenti
1452 2671 1625 2729 visorii,
1669 2672 1715 2716 id
1747 2680 1816 2718 est
1846 2675 1957 2720 situs
1997 2674 2428 2732 improportionatus
2459 2675 2590 2722 fundi

337 2739 582 2785 retiformis
612 2740 796 2785 tunicae
826 2738 884 2783 ad
915 2737 1213 2794 quantitatem
1233 2735 1528 2793 refractionis,
1560 2736 1709 2781 factae
1731 2740 1778 2784 in
1798 2740 1984 2785 humore
2007 2742 2283 2798 crystallino.
2339 2744 2449 2788 Cum
2471 2742 2588 2788 enim

336 2804 564 2862 quaelibet
595 2804 824 2860 quantitas
856 2801 1139 2848 refractionis
1170 2801 1307 2857 hujus
1329 2803 1561 2858 proprium
1591 2803 1760 2850 habeat
1791 2813 2007 2863 punctum
2041 2813 2146 2864 post
2178 2807 2500 2865 crystallinum,
2531 2805 2590 2852 ad

333 2870 456 2929 quod
487 2869 674 2927 colligat
711 2870 861 2914 radios
900 2869 948 2914 in
977 2867 1240 2926 crystallino
1277 2867 1522 2922 refractos,
1569 2871 1797 2927 propriam
1830 2886 1890 2917 sc.
1933 2872 2030 2928 ejus
2061 2885 2088 2915 a
2120 2873 2381 2929 crystallino
2422 2873 2588 2918 distan-

331 2937 441 2984 tiam
479 2948 667 2993 eamque
704 2933 838 2979 aliam
878 2933 1132 2992 propinqua
1175 2932 1307 2979 oculo
1347 2933 1602 2989 designent,
1646 2936 1779 2982 aliam
1811 2945 2006 2993 remota,
2048 2939 2100 2983 fit
2131 2945 2182 2983 ut
2218 2938 2385 2983 fundus
2415 2940 2589 2983 retinae

334 3004 514 3048 aberret
552 3001 608 3045 ab
641 2999 730 3046 hoc
754 3006 940 3057 puncto.
1003 3000 1051 3045 Si
1081 2999 1261 3044 aberrat
1290 3012 1316 3043 a
1346 3006 1538 3056 punct0,
1583 3008 1708 3047 secat
1747 3002 1885 3059 igitur
1924 3017 2086 3048 conum
2117 3003 2345 3048 radiorum
2376 3005 2589 3050 collecto·

334 3084 433 3116 rum
465 3068 598 3115 unius
629 3067 788 3126 puncti
818 3066 1025 3125 lucentis,
1059 3072 1181 3112 secat
1210 3067 1396 3122 inquam
1427 3079 1529 3110 eum
1549 3067 1618 3111 vel
1640 3075 1744 3112 ante
1774 3074 1991 3123 punctum
2021 3070 2092 3115 vel
2113 3077 2218 3126 post
2239 3077 2456 3127 punctum
2486 3084 2589 3116 con·

334 3148 508 3189 cursus,
538 3133 615 3179 ubi
639 3133 735 3190 jam
765 3132 930 3178 iterum
961 3131 1178 3178 dilatatur
1209 3144 1363 3177 conus.
1416 3132 1515 3178 Hoc
1545 3146 1651 3180 vero
1682 3141 1815 3192 pacto
1849 3136 1969 3192 quod
2000 3142 2097 3181 erat
2129 3136 2239 3182 foris
2270 3137 2317 3181 in
2346 3151 2397 3183 re
2427 3137 2591 3183 visibili

335 3205 553 3259 punctum
583 3199 780 3256 unicum,
812 3198 864 3243 fit
894 3198 941 3242 in
971 3197 1188 3244 retiformi
1218 3211 1310 3242 non
1339 3204 1570 3257 punctum,
1606 3201 1686 3245 sed
1719 3201 1995 3257 superficies,
2048 3202 2255 3248 Vicinum
2287 3203 2423 3260 igitur
2451 3215 2591 3260 punc-

337 3273 434 3311 tum
463 3265 530 3310 rei
560 3264 750 3310 visibilis
781 3265 928 3322 pingit
957 3277 1006 3309 se
1037 3278 1120 3322 per
1150 3264 1285 3309 aliam
1314 3264 1449 3308 talem
1482 3266 1726 3310 sectionem
1755 3266 1800 3309 in
1830 3266 2054 3323 particula
2076 3267 2318 3313 retiformis
2344 3267 2437 3325 jam
2462 3282 2590 3313 occu-

337 3338 445 3390 pata
475 3344 503 3375 a
532 3332 674 3389 priori
703 3331 902 3377 sectione
934 3336 980 3376 et
1010 3332 1075 3376 sic
1105 3331 1353 3377 vicinorum
1383 3331 1544 3374 horum
1574 3336 1844 3387 punctorum
1865 3332 2068 3387 picturae
2098 3333 2145 3377 in
2177 3334 2349 3379 retinae
2380 3333 2519 3379 fundo
2541 3345 2591 3378 se

337 3407 508 3457 mutuo,
534 3402 767 3454 permeant
808 3409 866 3442 ex
908 3396 1076 3454 potiori
1116 3403 1261 3454 parte.
1322 3397 1410 3442 Sed
1453 3396 1558 3452 quia
1598 3410 1736 3440 unum
1775 3397 1842 3440 rei
1872 3397 1995 3442 visae
2025 3404 2244 3454 punctum
2277 3404 2346 3443 est
2382 3398 2425 3442 in
2460 3403 2589 3455 parte

336 3464 507 3521 lucida,
540 3464 730 3508 alterum
757 3463 806 3508 in
836 3469 966 3520 parte
997 3462 1246 3520 maculosa,
1286 3462 1406 3507 illius
1444 3462 1620 3517 pictura
1651 3462 1702 3506 *in
1740 3461 1957 3506 retiformi
1998 3470 2068 3508 est
2110 3463 2358 3508 evidentior
2397 3469 2442 3507 et
2480 3462 2584 3519 plus

341 3535 490 3575 movet
526 3531 670 3576 visum
710 3536 983 3587 superatque
1023 3529 1291 3586 permixtam
1330 3528 1414 3573 sibi
1450 3528 1672 3584 picturam
1706 3529 1864 3584 puncti
1905 3529 2140 3577 maculosi,
2183 3530 2288 3585 quia
2328 3530 2480 3573 lumen
2521 3533 2590 3574 est

343 3595 570 3641 efficacius
603 3596 828 3642 coloribus
858 3596 905 3641 in
935 3595 1154 3640 movendo
1185 3596 1300 3640 visu.
1349 3596 1420 3640 Ita
1450 3595 1502 3639 fit
1533 3595 1741 3650 denique,
1773 3599 1824 3637 ut
1853 3593 2129 3638 macularum
2159 3594 2336 3651 pictura
2366 3594 2412 3638 in
2443 3594 2589 3638 retina

345 3660 655 3718 exstinguatur
695 3667 966 3718 maneatque
1005 3662 1103 3707 sola
1140 3662 1463 3707 luminosarum
1502 3661 1719 3718 partium,
1765 3659 1972 3704 obtinens
2011 3666 2155 3705 totam
2194 3661 2398 3705 retinam.
2459 3661 2590 3704 Hanc

345 3741 527 3774 causam
557 3741 656 3773 esse
685 3728 984 3786 verissimam,
1024 3734 1152 3786 patet
1184 3742 1239 3772 ex
1268 3726 1625 3784 perspicillorum
1666 3738 1775 3770 usu:
1816 3739 1919 3769 nam
1950 3725 2029 3769 illa
2060 3726 2289 3784 applicata
2319 3725 2448 3771 oculo
2491 3738 2589 3769 cor-

345 3796 499 3854 rigunt
528 3795 810 3842 refractionis
844 3795 1164 3852 quantitatem,
1203 3800 1253 3839 ut
1282 3794 1399 3839 radii
1430 3799 1473 3837 et
1502 3806 1584 3849 per
1613 3790 1870 3848 perspicilla
1903 3796 1947 3834 et
1984 3803 2068 3847 per
2106 3791 2339 3836 humorem
2369 3789 2589 3848 crystalli·
2647 3791 2652 3796 ’

347 3875 455 3911 num
480 3861 640 3919 juncta
671 3860 994 3910 descendentes
1024 3860 1146 3907 aliud
1177 3865 1396 3920 punctum
1426 3871 1671 3907 concursus
1704 3857 1773 3903 sui
1804 3857 2075 3918 sortiantur,
2113 3857 2160 3904 in
2189 3858 2289 3918 ipso
2322 3870 2385 3906 sc.
2416 3855 2590 3903 retifor·
2643 3874 2652 3887 1
