2652 4088
326 170 433 232 106

1258 168 1407 216 Notae
1435 167 1480 214 J.
1513 168 1701 229 Kepleri

331 325 426 367 tate
458 317 645 378 speculi,
675 330 766 363 non
796 315 1051 362 videremus
1081 315 1232 361 lumen
1261 318 1308 362 in
1337 321 1438 362 toto
1467 318 1625 362 Lunae
1656 330 1867 375 corpore,
1899 315 1978 361 sed
2008 316 2156 362 solum
2183 316 2232 361 in
2261 316 2396 362 unico
2427 317 2578 376 aliquo

329 386 426 443 ejus
455 390 658 443 puncto..
697 382 811 428 Vide
840 382 961 427 Astr.
986 383 1167 425 Partem
1196 381 1402 439 Opticam
1432 382 1467 429 f.
1498 383 1597 427 227.
1630 384 1742 440 (Vol.
1773 389 1830 431 ΙΙ.
1860 401 1903 441 p.
1935 383 2055 439 272.)
2081 392 2083 395 ·

505 453 576 499 21.
606 450 710 495 Non
740 450 875 507 plane
906 461 1138 506 assequor,
1171 449 1396 503 quomodo
1428 449 1593 494 formet
1621 450 1930 501 retorsionem,
1961 450 2048 495 nisi
2070 450 2219 495 desint
2249 450 2383 495 etiam
2402 449 2477 494 hic
2498 450 2580 494 ali-

326 522 435 575 quot
464 518 622 561 verba:
663 521 715 560 ut
745 516 783 560 si
814 515 1093 570 scripsisset,
1133 515 1377 570 reflexione
1405 516 1578 561 visivae
1604 516 1734 573 facta
1763 518 1826 562 ad
1854 531 1997 562 unum
2037 517 2226 574 aliquod
2248 522 2471 574 punctum
2501 521 2580 562 aut

330 584 473 630 simile
504 582 624 640 quid.
676 582 780 626 Non
811 586 963 638 potest
994 579 1109 623 enim
1142 580 1197 623 de
1228 592 1282 626 eo
1311 581 1478 625 visivae
1507 587 1680 638 puncto
1711 583 1868 639 accipi,
1903 583 2024 639 quod
2054 583 2264 640 designat
2289 582 2439 627 locum
2471 584 2580 627 ima-

324 650 439 706 ginis
473 660 671 694 eversae.
723 647 839 692 Nam
869 646 1040 701 imago,
1072 658 1188 701 quae
1218 659 1245 689 a
1277 647 1461 703 speculo
1493 660 1603 692 cavo
1635 648 1877 693 exhibetur
1907 662 2087 701 eversa,
2118 649 2264 693 minor
2283 654 2352 694 est
2373 663 2422 694 re
2452 649 2576 707 ipsa3

326 717 400 762 hic
429 728 535 760 vero
567 714 716 771 agitur
748 714 804 757 de
836 711 1008 768 majori.
1072 713 1120 756 Si
1149 718 1299 757 tamen
1329 712 1437 758 licet
1468 713 1774 768 conjecturam
1815 727 1978 771 capere
2007 714 2313 770 paralogisimi
2342 716 2481 769 huius
2511 728 2580 760 re·

322 782 534 830 torsionis
575 794 631 824 ex
660 779 979 836 paralogisimo
1009 779 1197 835 prioris,
1238 779 1303 823 sic
1334 778 1660 834 propemodum
1700 780 1919 838 explicari
1957 781 2126 836 poterit
2155 793 2283 826 mens
2313 781 2443 827 Lucii
2472 782 2580 827 Plu-

323 848 525 894 tarchici.
586 844 922 899 Mathematici,
968 844 1149 901 quando
1182 843 1238 888 de
1270 843 1558 901 speculorum
1587 843 1907 890 reflexionibus
1948 846 2178 891 disserunt
2217 846 2364 902 deque
2394 847 2581 906 angulo-

322 929 423 961 rum
453 911 745 969 aequalitate,
777 916 824 955 et
854 924 943 966 qua
964 910 1120 956 incidit
1140 911 1292 957 radius
1315 916 1360 955 et
1382 924 1472 966 qua
1493 908 1757 969 reflectitur,
1790 912 2011 968 siquidem
2034 913 2267 969 speculum
2290 918 2361 957 est
2381 914 2578 971 planum,

323 985 370 1027 in
401 981 500 1038 ipsa
530 978 718 1037 planitie
750 977 972 1034 speculari
1004 976 1293 1021 considerant
1323 976 1407 1020 hos
1441 975 1655 1032 angulos,
1700 976 1738 1020 si
1769 989 1874 1021 vero
1907 990 2114 1034 curvum,
2154 978 2320 1035 jubent
2349 978 2580 1036 planitiem

323 1045 508 1100 intueri,
553 1057 669 1102 quae
702 1042 984 1099 specularem
1016 1043 1302 1100 superficiem
1333 1042 1566 1097 contingat
1596 1041 1642 1084 in
1674 1046 1842 1098 puncto
1874 1041 2160 1088 incidentiae.
2224 1045 2414 1100 Quando
2446 1047 2584 1101 igitur

325 1114 475 1169 agitur
505 1112 560 1157 de
591 1110 783 1166 imagine
813 1109 910 1155 visa
939 1109 986 1153 in
1018 1109 1206 1166 speculo
1235 1108 1396 1165 plano,
1435 1113 1545 1153 tunc
1574 1108 1640 1152 rei
1672 1107 1859 1152 visibilis
1891 1115 2065 1167 puncta
2097 1111 2275 1156 diversa
2305 1113 2487 1169 quidem
2518 1115 2582 1159 di·

324 1180 466 1226 versis
498 1178 632 1223 etiam
661 1174 799 1220 radiis
830 1173 1051 1232 videntur,
1086 1189 1278 1231 quorum
1308 1175 1496 1230 quilibet
1520 1187 1650 1220 suum
1670 1174 1902 1231 proprium
1927 1181 2143 1232 punctum
2163 1175 2422 1222 reflexionis
2443 1178 2582 1224 habet

325 1246 372 1291 in
403 1244 590 1304 planitie
622 1240 807 1298 speculi.
869 1239 956 1285 Illa
985 1245 1135 1285 tamen
1166 1245 1337 1297 puncta
1368 1240 1517 1285 omnia
1548 1246 1654 1285 sunt
1681 1241 1728 1285 in
1767 1254 1860 1287 una
1892 1248 1938 1287 et
1970 1242 2127 1288 eadem
2159 1243 2399 1299 superficie
2429 1245 2579 1303 plana.

325 1313 387 1357 At
417 1309 597 1368 quando
630 1308 685 1353 de
717 1318 827 1352 cavo
860 1305 1044 1362 speculo
1076 1306 1234 1361 agitur,
1265 1306 1454 1351 totidem
1487 1306 1809 1363 concipiendae
1841 1314 1947 1353 sunt
1971 1310 2238 1366 superficies
2268 1310 2582 1367 planae-inter

325 1390 376 1423 se
405 1376 622 1429 diversae,
655 1385 814 1418 cavum
845 1373 1159 1429 contingentes
1190 1371 1449 1427 speculum,
1494 1378 1604 1428 quot
1633 1379 1740 1419 sunt
1769 1374 1833 1418 rei
1864 1373 2053 1419 visibilis
2085 1381 2274 1433 puncta,
2307 1378 2412 1433 quia
2443 1379 2579 1423 etiam

326 1442 513 1489 totidem
542 1441 658 1486 radii
689 1439 747 1485 ad
780 1438 1021 1484 videndum
1052 1438 1098 1483 id
1128 1437 1307 1484 visibile
1336 1439 1630 1495 requiruntur
1649 1440 1929 1498 totidemque
1948 1441 2244 1486 reflexionum
2275 1442 2320 1486 in
2344 1454 2454 1487 cavo
2476 1454 2578 1499 spe·

324 1508 425 1554 culo
457 1514 638 1565 puncta.
683 1507 849 1552 Centro
883 1506 915 1550 C
947 1506 1005 1550 sit
1035 1520 1193 1551 cavum
1226 1507 1460 1563 speculum
1490 1508 1629 1561 RPE,
1657 1515 1704 1554 et
1735 1510 1892 1555 oculus
1924 1511 1982 1556 sit
2010 1511 2055 1555 in
2080 1511 2116 1556 Ο
2148 1511 2267 1555 intra
2297 1517 2498 1557 centrum
2523 1512 2580 1557 C:

324 1575 410 1619 hoc
441 1573 559 1618 enim
589 1572 852 1628 requiritur,
896 1576 949 1616 ut
975 1572 1122 1628 imago
1155 1576 1376 1629 appareat
1405 1573 1553 1626 major
1583 1574 1684 1632 ipsa
1714 1588 1763 1621 re
1794 1575 1956 1622 visibili
1967 1592 1978 1633 ;
2019 1575 2077 1620 sit
2118 1576 2254 1621 etiam
2295 1576 2469 1621 visibile
2499 1577 2577 1622 FL

323 1645 445 1684 retro
477 1638 533 1683 ab
567 1637 712 1686 oculo,
746 1641 792 1680 et
824 1635 1071 1681 descendat
1103 1650 1159 1681 ex
1191 1638 1224 1682 C
1255 1651 1337 1694 per
1367 1638 1404 1683 Ο
1434 1639 1824 1697 perpendicularis
1857 1642 1903 1687 in
1937 1641 2170 1698 speculum
2194 1643 2280 1688 ΟΡ.
2326 1644 2470 1699 Igitur
2491 1644 2580 1689 alio

321 1706 448 1751 radio
479 1704 704 1748 videbitur
732 1703 796 1756 F,
840 1701 929 1747 alio
960 1704 1024 1759 L;

1074 1703 1164 1748 sint
1195 1703 1226 1748 ii
1258 1704 1359 1761 ΟΒ,
1393 1705 1496 1763 ΟΕ,
1539 1712 1591 1750 ιιι
1631 1706 1679 1751 in
1709 1707 1890 1763 punctis
1920 1709 1962 1754 R
1993 1713 2038 1753 et
2069 1708 2109 1752 Ε
2141 1707 2457 1761 reflectantur,
2503 1709 2584 1755 ΟΒ

324 1767 502 1829 quidem
532 1771 578 1814 in
608 1769 708 1825 RF,
752 1767 831 1812 OE
864 1781 970 1813 vero
1002 1769 1047 1812 in
1079 1769 1185 1823 EL,
1218 1774 1270 1814 ut
1300 1770 1447 1815 ductis
1479 1771 1809 1828 superficiebus
1839 1773 1988 1831 planis
2020 1774 2103 1819 GH
2134 1786 2217 1831 per
2247 1775 2288 1819 R
2319 1782 2364 1820 et
2393 1777 2482 1820 BD·
2504 1787 2586 1832 per

322 1839 362 1882 E
394 1835 585 1893 angulus
626 1834 898 1881 incidentiae
930 1833 1056 1878 ORH
1095 1834 1175 1879 fiat
1212 1834 1417 1890 aequalis
1459 1836 1623 1891 angulo
1663 1837 1927 1883 reflexionis
1959 1838 2101 1896 GRF,
2145 1840 2210 1884 sic
2241 1841 2431 1897 angulus
2464 1840 2583 1886 OEB

235 1925 240 1931 >
322 1902 486 1958 angulo
517 1901 658 1947 DEL.
718 1901 817 1945 Hae
851 1901 968 1945 duae
999 1900 1262 1955 superficies
1302 1906 1407 1944 sunt
1447 1901 1564 1945 inter
1596 1915 1644 1946 se
1679 1902 1920 1948 distinctae
1961 1910 2007 1949 et
2037 1918 2323 1962 nequaquam
2354 1918 2464 1961 una,
2510 1918 2586 1951 ne·

322 1981 409 2026 que
440 1968 561 2012 inter
592 1979 655 2023 se,
687 1979 835 2023 neque
866 1979 967 2011 cum
1000 1966 1238 2022 superficie
1270 1967 1389 2021 ΧΡΙ,
1422 1981 1538 2023 quae
1573 1969 1806 2025 speculum
1841 1971 2062 2024 contingit
2090 1971 2135 2015 in
2167 1971 2217 2024 P,
2252 1971 2371 2028 quod
2403 1971 2589 2016 visivam

323 2035 399 2079 ΟΡ
431 2028 626 2079 reflectit
656 2032 702 2076 in
734 2032 788 2079 Ο.
851 2033 912 2077 At
943 2032 982 2076 si
1013 2031 1250 2088 speculum
1281 2031 1446 2077 fuisset
1475 2032 1661 2090 planum
1692 2035 1819 2089 ΧΡΙ,
1851 2041 1960 2082 tunc
1992 2038 2043 2092 F,
2074 2037 2130 2091 L,
2164 2037 2340 2082 diversa
2371 2038 2436 2083 rei
2466 2038 2590 2082 visae

319 2105 511 2157 puncta,
556 2099 654 2143 visa
683 2098 880 2143 fuissent
912 2097 1102 2143 diversis
1134 2097 1316 2154 quidem
1346 2098 1484 2144 radiis
1515 2099 1725 2154 reflexis,
1765 2103 1891 2147 verbi
1922 2115 2059 2148 causa
2088 2104 2127 2147 F
2161 2103 2288 2148 radio
2322 2103 2443 2147 OHF
2475 2109 2521 2149 et
2549 2103 2588 2147 L

320 2167 447 2213 radio
479 2165 619 2211 OBL:
655 2165 736 2209 sed
766 2169 932 2221 puncta
967 2163 1146 2208 diversa
1175 2163 1475 2209 reflexionum
1506 2165 1550 2209 H
1583 2171 1628 2210 et
1647 2166 1685 2210 B
1717 2166 1911 2214 fuissent
1940 2169 1986 2214 in
2018 2181 2108 2214 una
2140 2174 2187 2213 et
2216 2168 2372 2230 eadem
2402 2182 2591 2214 numero

321 2231 559 2290 superficie
591 2231 729 2288 plana
760 2231 897 2277 ΗΡΒ

495 2297 648 2353 Hujus
679 2295 952 2340 diversitatis
984 2295 1169 2340 videtur
1198 2295 1414 2341 Lucius
1447 2296 1612 2342 oblitus
1643 2298 1784 2345 fuisse
1816 2305 1863 2344 et
1894 2300 1958 2346 sic
1980 2300 2225 2348 dissereret
2255 2302 2310 2347 de
2339 2299 2593 2344 reflexioni-

321 2365 406 2410 bus
436 2363 482 2407 in
514 2376 646 2420 cavo,
688 2376 740 2408 ac
778 2363 818 2408 si
856 2362 962 2407 illae
1002 2373 1158 2407 omnes
1191 2362 1283 2407 sint
1314 2345 1670 2407 considerandae
1712 2364 1757 2409 in
1800 2379 1893 2411 una
1923 2370 1968 2410 et
2001 2366 2156 2412 eadem
2188 2366 2324 2423 plana
2355 2365 2594 2422 superficie

863 2487 948 2528 Εἰς.
974 2487 1009 2521 3.

1569 2431 1702 2487 ΧΡΙ,
1756 2431 1993 2489 speculum
2038 2431 2330 2476 curvilineum
2376 2431 2497 2476 RPE
2546 2430 2591 2474 in

1583 2503 1753 2555 puncto
1790 2510 1880 2543 uno
1909 2498 1948 2543 P
1978 2499 2280 2555 contingente.
2339 2499 2440 2543 Hoc
2478 2497 2596 2542 enim

1585 2566 1624 2610 si
1654 2565 1700 2609 in
1729 2564 1878 2610 animo
1908 2565 2068 2610 habuit
2098 2564 2266 2622 Sylla,
2300 2578 2409 2610 sane
2438 2577 2593 2609 verum

1583 2630 1685 2684 fiet,
1728 2644 1819 2675 non
1850 2643 1987 2687 posse
2026 2643 2127 2675 esse
2158 2631 2374 2686 aequales
2404 2629 2593 2687 angulos

1582 2695 1856 2741 incidentiae
1877 2695 2052 2750 angulis
2081 2695 2387 2751 reflexionum‚
2419 2696 2458 2740 si
2485 2697 2593 2740 ima-

1582 2775 1638 2818 go
1661 2767 1853 2818 apparet
1871 2761 2015 2817 major
2044 2762 2145 2818 ipsa
2173 2775 2223 2806 re
2252 2763 2432 2808 visibili.
2475 2763 2592 2807 Nam

1581 2830 1728 2884 imago
1760 2834 2004 2884 propterea
2042 2828 2094 2874 fit
2123 2829 2268 2886 major
2292 2829 2443 2886 justo,
2488 2829 2593 2885 quia

1582 2892 1773 2951 angulus
1804 2894 2159 2950 comprehensus
2190 2894 2247 2939 ab
2278 2894 2491 2941 extremis
2522 2907 2592 2939 ra·

1582 2959 1665 3005 diis
1686 2959 1885 3015 visoriis,
1917 2959 2061 3017 ROE,
2092 2961 2237 3018 major
2266 2961 2318 3006 fit
2352 2961 2398 3006 in
2432 2961 2591 3018 sphae-

1580 3027 1674 3072 rico
1705 3038 1837 3079 cavo,
1882 3039 2015 3082 quam
2047 3029 2085 3072 si
2114 3028 2161 3071 in
2190 3027 2327 3085 plano
2367 3028 2593 3073 videretur

1580 3104 1664 3149 per
1682 3091 1820 3137 HOB.
1865 3091 1912 3135 Si
1942 3106 2062 3138 nunc
2082 3093 2218 3139 etiam
2248 3098 2356 3151 post
2383 3093 2590 3139 reflexio·
2645 3106 2652 3130 ε

1582 3171 1684 3202 nem
1723 3156 1889 3201 factam
1932 3162 2147 3213 tanquam
2191 3173 2283 3204 non
2322 3160 2368 3204 in
2401 3158 2589 3204 diversis
2643 3150 2652 3258 Ξ

1579 3222 1905 3278 superficiebus
1938 3222 2084 3281 GRH,
2124 3225 2270 3280 BED,
2315 3224 2395 3269 sed
2424 3225 2469 3268 in
2501 3236 2591 3268 una

1578 3290 1682 3334 XPI
1711 3289 1849 3345 inque
1879 3289 1977 3344 ejus
2007 3292 2188 3347 punctis
2210 3293 2266 3348 X,
2289 3292 2311 3335 I
2341 3290 2590 3346 (continua-

1577 3356 1637 3400 tis
1675 3356 1722 3399 in
1763 3368 1818 3400 ea
1848 3353 1948 3407 OR,
1989 3355 2086 3414 ΟΕ)
2128 3358 2267 3404 radiis
2306 3357 2588 3434 aequalibus,

322 3425 368 3470 id
399 3431 469 3470 est
504 3434 647 3479 aeque
677 3421 824 3466 nimiis
855 3422 1057 3478 angulis,
1087 3420 1312 3466 resilirent
1341 3421 1423 3466 ΟΧ
1452 3420 1499 3466 in
1535 3421 1644 3476 XN,
1676 3419 1840 3474 angulo
1873 3420 1992 3465 OXP
2024 3423 2202 3480 aequali
2231 3423 2318 3480 ipsi
2348 3423 2491 3477 KXN,
2524 3421 2590 3468 sic

328 3494 389 3537 01
417 3493 465 3536 in
495 3492 589 3547 IM,
632 3490 932 3547 angulonIP
965 3489 1146 3547 aequali
1185 3489 1272 3546 ipsi
1306 3489 1439 3544 QIM:
1478 3488 1739 3546 longissime
1772 3487 2036 3532 aberrarent
2064 3489 2150 3533 XN
2182 3494 2228 3533 et
2256 3489 2328 3532 ΙΜ
2358 3502 2386 3533 a
2413 3500 2463 3532 re
2493 3488 2590 3533 visa
2636 3480 2644 3517 ,¹

321 3558 415 3613 FL,
454 3555 851 3610 nec3formaretur
891 3555 990 3612 ejus
1021 3556 1183 3610 imago.
1243 3555 1360 3610 Quia
1389 3567 1495 3599 vero
1527 3552 1915 3610 comprehendunt
1970 3553 2035 3598 rei
2066 3554 2188 3598 visae
2219 3554 2438 3598 terminos
2467 3555 2518 3607 F,
2548 3555 2586 3599 L
2633 3554 2652 3598 νᾳ

327 3635 471 3679 eaque
500 3622 676 3667 ratione
720 3621 918 3665 formant
962 3621 1226 3677 imaginem,
1273 3633 1460 3664 necesse
1490 3621 1601 3675 erit,
1655 3625 1707 3665 ut
1736 3623 1842 3675 post
1870 3617 2165 3664 reflexionem
2194 3619 2359 3664 factam
2388 3619 2435 3664 in
2465 3620 2520 3674 X,
2550 3621 2586 3678 1,
2631 3659 2647 3686 Γ,

325 3689 489 3732 iterum
519 3692 680 3732 coeant
709 3698 866 3731 versus
894 3698 991 3730 rem
1020 3687 1164 3731 visam
1193 3698 1275 3742 per
1303 3685 1401 3741 XF,
1431 3686 1507 3740 IL,
1555 3691 1600 3730 et
1630 3685 1696 3729 sie
1725 3684 1894 3729 rectius
1924 3685 2129 3730 resiliant
2157 3698 2293 3743 quam
2321 3685 2586 3743 inciderant,
2628 3684 2644 3743 ’ἒ

329 3752 503 3808 angulis
537 3765 599 3798 so.
630 3753 772 3808 KXF,
805 3751 930 3807 QIL,
976 3751 1023 3794 in
1054 3751 1142 3795 hoc
1174 3752 1406 3797 schemate
1436 3750 1574 3807 plane
1605 3749 1777 3794 obtusis
1788 3783 1802 3805 ,
1834 3763 1935 3793 cum
1966 3750 2121 3806 anguli
2150 3750 2420 3795 incidentiae
2451 3750 2586 3806 (quos
2625 3783 2641 3825 ἰ

330 3818 499 3863 Lucius
532 3816 993 3875 sibi3imaginabatur)
1025 3817 1162 3873 PXO,
1195 3817 1294 3862 PIO
1337 3817 1428 3862 sint
1464 3817 1596 3862 valde
1626 3816 1759 3861 acuti.
1818 3817 1891 3861 An
1919 3821 2045 3861 recte
2081 3816 2166 3860 sim
2196 3820 2434 3860 assecutus
2466 3828 2586 3861 erro·

330 3896 426 3930 rem
456 3881 834 3939 Lucii,klectoris
865 3886 962 3930 esto
991 3882 1222 3940 judicium.
1282 3883 1427 3928 Error
1465 3882 1583 3928 enim
1614 3882 1792 3927 omnino
1823 3882 1943 3927 inest
1971 3881 2019 3926 in
2047 3881 2136 3928 hae
2166 3881 2436 3931 retorsione,
2480 3881 2584 3939 quia

2638 3275 2652 3327 ’ἧ

2630 3366 2652 3456 i
