2652 4088
338 180 410 236 84
1192 171 1462 219 Plutarchus
1492 170 1549 217 de
1575 170 1714 218 Facie

325 333 507 377 terram
545 331 594 375 et
629 336 763 374 mare
799 324 851 371 in
888 322 1059 372 eodem
1097 321 1207 372 loco
1245 321 1530 372 versantia?
1589 320 1692 371 Nec
1730 334 1836 370 eam
1873 334 1982 369 sese
2025 319 2241 370 dividere
2280 322 2427 385 inque
2467 338 2576 373 car-

326 415 436 449 nem
475 399 638 447 venire
677 402 725 446 et
762 397 811 443 in
849 411 1025 445 nervos
1066 402 1116 444 et
1153 395 1390 445 medullas
1438 395 1847 457 passionibusque
1895 393 2091 441 infinitis
2143 409 2250 442 cum
2289 394 2576 446 humiditate

332 473 598 538 (objectum
635 469 778 530 fieri).
855 467 984 531 Quid
1035 482 1152 517 vero
1204 469 1345 517 nobis
1383 466 1578 529 Jupiter
1614 468 1730 528 iste,
1786 469 1826 515 si
1866 481 1954 514 sua
1994 467 2144 528 ipsius
2182 474 2356 516 natura
2394 475 2573 529 utatur,

327 559 517 593 sursum
555 548 650 603 est,
701 556 906 604 magnus
944 555 1012 590 sc.
1052 546 1102 589 et
1140 543 1450 589 continuatus
1488 541 1612 602 ignis
1637 537 1736 603 ¹⁵)‘2
1811 540 1877 587 At
1914 553 2042 587 nunc
2081 544 2128 588 et
2165 539 2360 588 humilis
2399 542 2579 590 incedit

329 624 376 665 et
412 616 670 664 reflectitur
708 621 756 663 et
793 614 1055 676 figuratur,
1105 627 1274 661 versus
1314 615 1362 659 in
1403 626 1570 660 omnes
1608 627 1684 660 res
1724 614 2021 675 vertiturque
2072 613 2291 674 quotidie
2330 615 2377 660 in
2417 621 2577 663 trans-

325 689 692 737 mutationibus,
743 686 916 748 Itaque
954 686 1067 734 vide
1106 688 1187 745 siS,
1227 685 1430 742 miselle,
1471 699 1532 733 ne
1571 687 1612 733 si
1652 685 1911 733 transferas
1951 692 1998 733 et
2035 683 2251 733 abducas
2278 700 2376 734 rem
2405 701 2578 748 quam-

325 761 445 809 libet
482 775 540 809 eo
580 774 786 818 versum,
829 759 910 806 ubi
948 765 1153 808 naturae
1188 773 1310 807 suae
1337 758 1446 820 lege
1476 765 1562 816 est,
1604 757 1970 806 dissolutionem
2010 757 2226 819 aliquam
2264 759 2428 807 mundi
2470 775 2578 808 cum

328 833 662 896 speculatione
702 842 785 879 tua
822 832 965 879 nobis
1003 831 1360 894 philosopheris
1399 830 1630 892 litemque
1670 830 2043 893 Empedocleam
2093 831 2236 880 rebus
2276 832 2477 882 invehas
2499 828 2578 895 ¹⁶),

328 909 426 955 imo
452 920 513 955 ne
554 913 740 954 veteres
769 903 879 952 illos
904 903 1108 952 Titanas
1147 907 1193 950 in
1222 911 1442 952 naturam
1471 905 1702 950 immittas
1729 910 1775 951 et
1801 902 2037 966 Gigantes
2065 910 2110 952 et
2137 904 2408 953 fabulosam
2447 906 2581 953 illam

326 977 672 1041 horridamque
711 976 1042 1026 confusionem
1082 979 1464 1037 errationemque
1504 976 1644 1023 nobis
1683 976 1745 1024 ob
1785 976 1954 1024 oculos
1979 990 2158 1039 ponere
2196 976 2404 1040 laboreS,
2444 992 2581 1027 seor-

332 1053 423 1101 sim
463 1050 694 1115 quicquid
733 1051 929 1098 omnino
968 1056 1042 1098 est
1079 1064 1243 1112 grave,
1285 1051 1486 1098 seorsim
1525 1050 1686 1109 etiam,
1727 1049 1857 1111 quod
1895 1048 2032 1097 leve:

748 1158 846 1206 Hic
882 1157 971 1205 ubi
1006 1172 1095 1206 nec
1137 1158 1265 1207 Solis
1298 1158 1645 1219 pulcherrima
1680 1157 1841 1220 fulyet
1877 1159 2062 1220 imayo,

752 1230 854 1278 Nec
891 1236 1056 1279 terrae
1092 1245 1250 1294 yenus
1288 1232 1557 1293 hirsutum,
1596 1245 1687 1278 nec
1722 1229 1907 1277 nabilis
1942 1230 2140 1291 humor,

334 1348 389 1390 ut
427 1342 558 1391 canit
607 1339 951 1403 Empedocles,
1002 1341 1087 1389 ubi
1134 1354 1231 1389 non
1268 1341 1331 1389 sit
1366 1339 1515 1389 Terra
1551 1340 1791 1402 particeps
1832 1337 2027 1399 caloris,
2077 1352 2167 1386 nec
2204 1352 2334 1401 aqua
2370 1342 2581 1404 spiritus,

333 1429 423 1465 nec
459 1416 681 1478 gravium
719 1413 906 1475 aliquid
944 1415 1180 1476 superius,
1220 1427 1310 1462 nec
1345 1413 1527 1461 levium
1568 1411 1684 1474 quid
1723 1411 1872 1472 infra3
1910 1410 1995 1459 sed
2034 1413 2338 1473 impermixta
2377 1420 2424 1462 et
2461 1416 2582 1463 irre-

329 1490 496 1537 vincta
533 1488 714 1535 mutuis
751 1487 929 1535 amoris
958 1487 1300 1547 incitamentis,
1341 1493 1389 1534 et
1426 1485 1646 1534 solitaria
1683 1486 2017 1532 universorum
2055 1486 2305 1548 principia,
2334 1500 2459 1547 quae
2486 1501 2580 1535 non

334 1560 601 1611 concedant
650 1561 1005 1609 concretionem
1046 1558 1347 1608 diversorum
1386 1560 1508 1607 inter
1546 1572 1598 1607 se
1636 1558 2111 1618 communionemve,
2162 1558 2247 1605 sed
2289 1573 2413 1620 quae
2451 1560 2583 1608 refu-

331 1636 470 1698 giant
509 1639 557 1681 et
607 1632 922 1681 adversentur
966 1647 1019 1681 se
1057 1629 1225 1681 mutuo
1277 1632 1586 1693 feranturque
1634 1630 1827 1693 singula
1871 1631 2083 1678 motibus
2136 1632 2238 1679 suis
2288 1634 2494 1695 propriis
2536 1639 2584 1682 et

331 1705 658 1769 singularibus
697 1707 871 1767 suique
910 1706 1051 1767 quasi
1083 1705 1208 1767 juris
1246 1706 1453 1769 privati3
1493 1705 1721 1764 breviter,
1763 1717 1887 1765 quae
1927 1704 1998 1752 sic
2038 1705 2133 1751 sint
2172 1713 2475 1766 comparata,
2514 1708 2585 1753 si-

333 1785 414 1829 cut
452 1784 526 1827 est
563 1786 893 1841 comparatum
932 1784 1088 1826 totum
1125 1779 1420 1839 universum,
1460 1791 1568 1826 cum
1609 1777 1670 1824 ab
1709 1790 1767 1824 eo
1806 1776 1942 1824 Deus
1981 1777 2122 1824 abest
2158 1777 2421 1826 secundum
2457 1778 2583 1827 Pla-

332 1858 511 1912 tonem,
551 1851 600 1899 id
640 1857 729 1911 est,
770 1856 824 1899 ut
862 1849 1021 1900 solent
1060 1865 1166 1899 esse
1204 1865 1408 1913 corpora
1445 1866 1475 1899 a
1513 1855 1671 1898 mente
1711 1855 1759 1898 et
1795 1850 1958 1898 anima
1997 1849 2201 1908 deserta,
2242 1851 2403 1912 quoad
2430 1866 2586 1914 usque

334 1923 623 1974 desiderium
662 1924 973 1987 superveniat
1009 1931 1236 1984 naturae,
1277 1938 1335 1972 ex
1373 1922 1709 1986 providentiae
1749 1921 2089 1984 dispositione,
2130 1924 2325 1984 quando
2371 1927 2586 1973 amicitia

332 1999 382 2045 in
421 2011 481 2046 ea
519 1998 696 2057 existit,
736 2002 785 2045 et
820 1995 990 2045 Venus
1029 2003 1077 2046 et
1115 1995 1281 2058 Amor,
1322 2002 1375 2044 ut
1414 1995 1579 2043 dicunt
1605 1994 1938 2057 Empedocles,
1978 1995 2289 2045 Parmenides
2330 2003 2378 2045 et
2402 1997 2584 2047 Hesio-

335 2070 450 2130 dus3
500 2075 554 2117 ut
604 2075 653 2118 et
688 2068 799 2118 loca
834 2069 956 2118 locis
993 2060 1272 2132 permutent
1303 2074 1352 2117 et
1389 2068 1644 2117 facultates
1684 2069 1746 2115 ab
1785 2068 1991 2117 invicem
2041 2077 2342 2129 mutuentur,
2397 2077 2445 2118 et
2485 2071 2586 2121 alia

335 2141 529 2206 quidem
566 2147 752 2205 motus,
792 2141 891 2190 alia
929 2143 1105 2205 quietis
1140 2141 1498 2192 necessitudine
1536 2140 1741 2204 religata
1780 2147 1826 2189 et
1865 2149 2035 2189 coacta
2073 2141 2134 2190 ad
2164 2141 2212 2189 id
2251 2143 2380 2204 quod
2408 2143 2580 2192 melius

338 2221 412 2266 est
447 2214 703 2279 proficiant
737 2220 1231 2280 transmutenturque‚
1273 2221 1567 2264 concentum
1606 2220 1650 2261 et
1687 2218 2092 2263 communionem
2124 2216 2406 2277 perficiant.

505 2288 630 2337 Nam
667 2290 709 2336 si
746 2302 905 2351 neque
941 2287 1077 2337 aliud
1115 2287 1315 2351 aliquod
1353 2302 1410 2337 ex
1450 2287 1676 2336 membris
1729 2287 1894 2335 mundi
1941 2294 2133 2349 praeter
2183 2296 2406 2337 naturam
2445 2304 2585 2339 suam

335 2375 443 2411 sese
479 2360 678 2420 habuit,
717 2361 803 2409 sed
841 2359 1246 2424 unumquodlibet
1281 2361 1350 2410 ibi
1387 2362 1532 2409 situm
1572 2367 1669 2420 est,
1709 2360 1793 2408 ubi
1826 2359 2054 2409 collocari
2091 2367 2258 2424 aptum
2298 2368 2466 2411 natum
2494 2369 2583 2424 est,

336 2433 474 2483 nulla
510 2433 905 2495 translocatione,
940 2434 1082 2483 nulla
1117 2436 1501 2483 transornatione
1540 2433 1770 2495 indigum,
1810 2447 1899 2482 nec
1936 2448 2062 2482 nunc
2098 2449 2190 2482 nec
2227 2435 2274 2482 in
2313 2437 2579 2499 principio:

337 2506 599 2566 dubitabo,
651 2506 894 2568 quodnam
932 2506 1269 2570 providentiae
1308 2506 1610 2568 relinquatur
1649 2519 1796 2569 opu8‚
1849 2513 1934 2554 aut
1971 2521 2183 2569 quonam
2220 2507 2450 2570 figmento
2490 2523 2578 2558 suo

340 2579 538 2642 gloriari
572 2580 742 2641 possit,
783 2579 921 2642 cujus
958 2581 1063 2642 ipse
1101 2579 1289 2628 dicatur
1327 2580 1520 2628 effector
1558 2584 1606 2627 et
1642 2585 1780 2641 pater
1805 2577 1998 2640 Jupiter
2036 2579 2116 2627 ille
2144 2583 2354 2643 optimus
2392 2582 2578 2631 artifex.

339 2651 466 2700 Nam
503 2665 662 2713 neque
700 2652 750 2698 in
787 2653 1000 2702 exercitu
1038 2666 1160 2714 opus
1200 2654 1288 2701 erit
1336 2651 1651 2700 metatoribus
1691 2657 1739 2700 et
1786 2653 1907 2700 aciei
1954 2653 2261 2702 instruendae
2300 2656 2499 2717 peritis,
2538 2657 2580 2703 si

337 2724 517 2786 singuli
555 2724 760 2772 militum
798 2725 893 2787 ipsi
930 2739 961 2773 a
995 2739 1048 2774 se
1087 2726 1205 2788 ipsis
1242 2726 1470 2773 sciverint
1522 2730 1570 2772 et
1616 2723 1830 2772 ordinem
1880 2730 1927 2773 et
1966 2727 2222 2774 stationem
2262 2733 2309 2776 et
2358 2729 2579 2777 occasio-

325 2810 472 2858 nem,
528 2811 653 2859 quae
693 2798 755 2844 sit
790 2797 1080 2860 arripienda,
1121 2798 1295 2859 cuique
1332 2800 1395 2846 sit
1432 2796 1784 2858 insidiandum3
1834 2811 1991 2859 neque
2029 2798 2297 2848 hortulanis
2335 2800 2578 2863 indigebi-

335 2882 458 2928 mus,
497 2883 655 2931 neque
692 2869 853 2930 fabriS,
894 2871 937 2918 si
975 2870 1074 2918 illic
1111 2869 1306 2932 quidem
1332 2884 1461 2932 aqua
1485 2870 1594 2931 ipsa
1616 2883 1702 2932 per
1727 2884 1834 2918 sese
1858 2876 2032 2921 natura
2057 2871 2196 2920 adest
2219 2872 2380 2921 herbis
2407 2876 2579 2923 sitien·
2647 2927 2652 2935 ,

334 2943 465 2991 tibus
491 2956 671 3004 easque
695 2943 822 3004 rigat
847 2942 1044 3003 affluxu,
1083 2941 1163 2991 hic
1189 2957 1305 2991 vero
1330 2942 1519 3002 latereS,
1558 2941 1707 3004 ligna,
1745 2942 1949 3005 lapideS,
1991 2945 2295 3002 naturalibus
2321 2948 2579 2995 momentis
2648 2938 2652 2946 '¹

335 3021 384 3064 et
421 3015 619 3063 nutibus
653 3016 856 3064 nitentia
894 3014 1143 3064 decentem
1169 3015 1327 3064 locum
1355 3029 1779 3078 commensumque
1808 3022 2061 3078 occupant.
2102 3016 2187 3066 Sin
2215 3024 2378 3068 autem
2403 3018 2579 3083 hujus·
2599 3047 2639 3081 a·

335 3087 468 3136 modi
505 3088 659 3136 oratio
697 3086 1052 3150 providentiam
1078 3081 1267 3138 omnem
1295 3088 1422 3136 tollit
1447 3086 1677 3148 fundituS‚
1719 3088 1814 3137 Dei
1854 3103 1969 3138 vero
2007 3092 2253 3153 proprium
2292 3098 2379 3151 est,
2417 3082 2609 3159 partes}

334 3159 500 3209 mundi
538 3159 792 3223 disponere
831 3165 879 3210 et
917 3160 1236 3224 distinguere,
1277 3160 1394 3224 quid
1432 3159 1555 3208 adeo
1595 3162 1793 3222 mirum,
1832 3163 1876 3209 si
1911 3167 2086 3211 natura
2124 3165 2193 3212 sic
2232 3170 2305 3214 est
2342 3164 2611 3229 disposita·

334 3239 384 3283 et
422 3235 732 3293 concinnata,
773 3239 826 3282 ut
863 3233 942 3282 hic
979 3234 1172 3296 quidem
1211 3237 1275 3282 sit
1311 3235 1460 3296 ignis,
1499 3233 1568 3280 ibi
1606 3247 1720 3282 vero
1760 3240 1904 3295 astra,
1943 3250 2130 3284 rursum
2169 3237 2261 3286 hac
2299 3237 2495 3300 quidem
2528 3237 2614 3294 ius

339 3307 538 3368 regione
575 3305 724 3354 Terra
761 3307 823 3355 sit
859 3307 1122 3367 collocata,
1162 3309 1210 3354 in
1248 3320 1423 3369 supera
1459 3319 1575 3354 vero
1615 3305 1777 3364 Luna,
1816 3306 1969 3356 multo
2007 3308 2192 3357 fortiori
2227 3312 2428 3359 rationis
2467 3310 2591 3364 vin-„0³

337 3379 446 3427 culo
485 3378 703 3440 religata,
744 3393 890 3442 quam
929 3385 1031 3428 erat
1060 3380 1272 3428 futurum
1295 3385 1497 3427 naturae
1522 3377 1814 3427 vinculum?
1865 3379 2101 3443 Adeoque
2125 3384 2167 3430 si
2192 3384 2353 3431 omnia
2378 3373 2593 3432 natura-⁶7
2630 3419 2631 3422 ,

339 3449 467 3499 libus
508 3458 697 3514 oportet
734 3453 822 3499 niti
859 3452 1063 3515 ferrique
1101 3454 1371 3512 momentiS,
1411 3462 1517 3514 age,
1554 3465 1616 3500 ne
1642 3450 1724 3499 Sol
1765 3451 1957 3514 quidem
1997 3461 2208 3518 gyretur,
2247 3470 2405 3518 neque
2429 3456 2580 3505 Luci·
2634 3470 2641 3478 ’

344 3522 426 3584 fer,
466 3538 625 3586 neque
664 3538 938 3587 quaequam
977 3525 1076 3574 alia
1113 3525 1383 3574 stellarum:
1433 3538 1544 3573 nam
1583 3538 1710 3587 quae
1746 3523 1877 3573 levia
1913 3533 2025 3575 sunt
2063 3533 2111 3575 et
2147 3533 2348 3578 naturae
2387 3531 2576 3591 igneae,

339 3608 528 3660 sursum
567 3611 625 3644 ea
661 3599 891 3657 nituntur,
931 3612 1027 3646 nou
1065 3599 1115 3645 in
1153 3598 1397 3647 circulum.
1472 3597 1571 3645 Aut
1607 3599 1647 3646 si
1686 3602 1867 3645 tantam
1906 3601 2111 3649 sustinet
2147 3606 2321 3650 natura
2357 3614 2579 3650 commu·
2628 3571 2652 3747 J

2623 3795 2644 3863 ,ὲ

2624 3850 2645 3939 ἒ

338 3668 571 3716 tationem
610 3683 668 3717 ex
708 3671 1014 3719 contentione
1052 3670 1171 3728 loci,
1226 3677 1278 3719 ut
1315 3671 1394 3719 hic
1431 3669 1625 3732 quidem
1663 3671 1705 3717 si
1742 3676 1947 3733 vagetur
1994 3674 2144 3735 ignis,
2192 3688 2380 3722 sursum
2417 3675 2576 3737 abeat,

337 3745 389 3786 at
414 3739 496 3786 ubi
522 3741 570 3785 in
598 3742 785 3790 coelum
825 3757 976 3805 usque
1018 3745 1224 3803 venerit,
1258 3744 1360 3806 jam
1400 3743 1522 3791 coeli
1558 3743 1781 3804 vertigini
1821 3744 2142 3808 obsecundet,
2191 3745 2333 3794 simul
2372 3748 2576 3796 circum-

338 3812 468 3859 iens:
521 3825 602 3859 cur
639 3814 852 3864 insolens
890 3814 1013 3864 adeo
1052 3815 1295 3876 videatur,
1334 3817 1481 3865 etiam
1517 3816 1590 3875 iis,
1632 3829 1756 3877 quae
1793 3819 1963 3878 gravia
2004 3825 2116 3866 sunt
2151 3824 2200 3867 et
2235 3824 2437 3869 naturae
2475 3826 2575 3869 ter-

337 3897 463 3945 reae,
506 3890 767 3948 postquam
803 3886 917 3935 hinc
954 3890 1197 3938 evaserint
1232 3887 1359 3938 idem
1397 3886 1630 3950 accidere,
1671 3889 1796 3936 utin
1822 3889 1971 3939 aliam
1996 3896 2156 3940 motus
2179 3893 2392 3955 speciem
2417 3899 2577 3943 trans-

2615 4026 2652 4088 l.
