2652 4088
1002 169 1039 218 1.
1068 166 1407 221 Mathematica.
1901 194 1909 211 v
1994 212 1996 214 ψ
2226 167 2332 228 193

249 325 298 371 8.
337 321 468 385 Ergo
504 335 603 371 non
641 321 778 372 solae
817 321 942 372 duae
981 323 1260 387 superficies
1299 315 1544 374 sufficiunt
1571 322 1634 372 ad
1671 322 1965 387 positionem
2004 322 2155 372 nostri
2177 321 2335 373 hexa-

82 392 198 456 edri,
237 397 355 458 quia
393 401 628 458 quaterna
662 401 850 444 tantum
887 398 939 444 in
978 396 1168 445 duabus
1207 398 1553 461 superficiebus
1591 403 1899 460 ponerentur.

253 473 302 519 9.
340 468 548 517 Duabus
584 469 726 518 lineis
763 469 1011 532 parallelis
1049 473 1239 533 positiS‚
1278 473 1475 534 ponitur
1513 470 1911 533 quadrilaterum.

252 545 334 589 10.
373 541 580 590 Duabus
618 542 963 605 superficiebus
1003 543 1343 605 quadrilateris
1381 559 1478 593 non
1512 544 1906 592 concurrentibus
1944 543 2132 606 positiS,
2173 543 2244 592 sic
2281 546 2336 592 ut

77 610 233 661 latera
270 613 465 677 singula
502 616 647 664 unius
685 616 890 679 singulis
926 615 1125 665 alterius
1164 619 1260 665 sint
1297 617 1546 680 parallela,
1587 619 1782 680 ponitur
1819 616 2113 667 hexaedron.

252 691 335 738 11.
374 687 427 736 Si
464 688 743 750 superficies
781 691 977 752 insuper
1012 690 1275 752 parallelae
1314 691 1504 752 fuerint,
1546 696 1684 738 erunt
1723 696 1771 739 et
1808 689 2003 738 similes.

249 765 330 808 12.
369 759 578 808 Duabus
617 761 965 824 superficiebus
1006 763 1345 826 quadrilateris
1386 779 1483 812 non
1523 763 1917 811 concurrentibus
1943 763 2132 825 positiS,
2173 763 2244 811 sic
2281 768 2335 811 ut

78 831 193 880 bina
230 834 458 895 opposita
495 833 649 882 latera
688 837 829 884 unius
858 836 983 884 binis
1011 838 1246 899 oppositis
1273 837 1472 885 alterius
1499 837 1676 884 fuerint
1714 837 1963 898 parallela,
2002 835 2191 898 reliqua
2219 837 2334 884 bina

78 907 305 966 opposita
354 907 499 954 unius
556 921 666 955 cum
714 908 842 957 binis
891 911 1129 972 oppositis
1175 909 1374 959 alterius
1422 912 1471 957 in
1531 910 1657 958 binis
1711 909 2075 972 superficiebuS,
2135 910 2332 971 ponitur

31 978 39 987 “
77 977 370 1027 hexae'dron.

249 1056 332 1100 13.
373 1050 751 1102 Generalissime
790 1054 839 1100 in
880 1056 1010 1101 omni
1048 1054 1293 1103 hexae‘dro
1333 1053 1660 1116 quadrilatero
1701 1054 1844 1102 binae
1871 1047 2148 1116 superficies
2177 1068 2334 1117 oppo-

0 1150 3 1169 «
75 1123 199 1172 sitae
248 1130 362 1172 sunt
407 1124 613 1173 laterum
659 1126 1138 1188 correspondentiam
1190 1127 1267 1175 vel
1305 1127 1673 1190 parallelorum,
1723 1127 1803 1175 vel
1839 1128 2242 1187 concurrentium,
2292 1129 2335 1174 si

75 1195 416 1261 producantur.
478 1197 603 1245 Nam
641 1200 683 1247 si
711 1206 1011 1260 concurrunt,
1053 1207 1390 1263 argumentum
1427 1206 1514 1262 est,
1553 1201 1695 1249 binas
1732 1200 1889 1248 lineas
1927 1202 1975 1247 in
2017 1199 2187 1248 eodem
2227 1214 2333 1248 esse

76 1269 239 1334 plane.
317 1271 398 1318 Fit
437 1273 564 1319 enim
602 1285 661 1320 ex
700 1271 1027 1334 quadrilatero
1066 1273 1376 1336 triangulum.

246 1348 328 1392 14.
369 1343 422 1392 Si
460 1346 793 1408 oppositarum
831 1346 1191 1408 superficierum
1217 1348 1332 1396 bina
1367 1346 1521 1395 latera
1553 1351 1692 1396 erunt
1725 1344 1977 1409 parallela,
2019 1351 2066 1395 et
2106 1346 2334 1409 opposita

8 1438 9 1452 π
78 1415 194 1465 bina
229 1416 465 1480 parallela
504 1432 611 1466 esse
650 1433 848 1467 necesse
889 1425 977 1471 est.

247 1494 329 1539 15.
370 1490 576 1539 Duabus
613 1492 961 1555 superficiebus
1006 1491 1158 1541 latere
1204 1507 1302 1540 uno
1354 1493 1596 1541 communi
1647 1493 1818 1555 positis
1859 1491 2098 1554 (intellige
2145 1505 2334 1554 semper

11 1594 13 1613 f
58 1563 126 1611 :in
156 1570 293 1612 certa
327 1564 642 1613 inclinatione
668 1565 748 1614 vel
773 1563 985 1631 angulo),
1027 1566 1152 1614 duae
1193 1565 1388 1628 quidem
1413 1566 1640 1629 planities
1669 1565 1795 1614 aliae
1822 1571 2081 1627 ponuntur,
2123 1570 2174 1613 at
2210 1566 2334 1613 resi-

0 1667 1 1670 =
78 1634 283 1684 duarum
323 1637 526 1685 duarum
562 1637 871 1700 planitierum
913 1639 1032 1687 nihil
1071 1641 1164 1686 nisi
1203 1641 1391 1688 termini
1431 1639 1647 1688 alterutri
1683 1636 1944 1701 ponuntur.

247 1715 329 1761 16.
367 1709 543 1758 Tribus
571 1711 911 1774 quadrilateris
939 1712 1284 1775 superficiebus
1311 1714 1446 1761 trinis
1474 1713 1810 1761 communibus
1838 1711 2088 1772 lateribUS,
2125 1710 2219 1759 hoc
2261 1715 2334 1759 est

0 1786 19 1846 ‚i
65 1780 143 1832 md
187 1783 419 1846 angulum
469 1784 679 1832 solidum
735 1787 1046 1847 coeuntibuS,
1097 1788 1298 1849 positia,
1354 1791 1451 1836 tres
1500 1787 1718 1848 reliquae
1768 1785 1891 1833 fiunt
1941 1785 2245 1834 necessariae
2284 1788 2332 1833 et

0 1852 2 1863 ’
77 1848 350 1907 hexasdron
387 1858 536 1919 igitur
571 1859 780 1920 ponitur.

84 1941 97 1945 ‘⁴
245 1934 326 1978 17.
367 1929 758 1992 Quadrilaterum
796 1938 1004 1994 quatuor
1042 1931 1193 1980 habet
1231 1930 1438 1994 angulos
1477 1937 1687 1994 quatuor
1723 1932 1887 1981 rectis
1908 1929 2157 1993 aequales

242 2007 324 2052 18.
367 2002 755 2065 Quadrilaterum
794 2007 840 2052 in
881 2005 1059 2054 circulo
1099 2006 1237 2054 binos
1278 2007 1529 2068 oppositos
1570 2006 1694 2054 binis
1732 2006 1875 2053 rectis
1901 2004 2050 2052 habet
2076 2001 2326 2065 aequaleS.

247 2081 328 2125 19.
370 2075 776 2140 Quadrilaterum,
815 2079 941 2127 binis
981 2078 1174 2141 angulis
1202 2081 1439 2141 oppositis
1466 2081 1623 2140 rectis,
1666 2078 1842 2127 circulo
1884 2084 1956 2126 est
1993 2076 2326 2138 inscriptibile.

246 2154 329 2198 20.
372 2149 779 2213 Quadrilaterum,
821 2151 998 2200 circulo
1025 2152 1355 2215 inscriptibile,
1383 2152 1530 2216 globo
1558 2152 1868 2214 undicunque
1897 2158 1970 2199 est
1995 2149 2326 2212 inscriptibile.
2396 2154 2399 2157 '

69 2241 78 2251 ·
148 2252 156 2265 κ
243 2227 325 2271 21.
367 2222 444 2271 An
485 2223 762 2273 hexaedron
789 2224 855 2286 id,
896 2225 1035 2287 cujus
1075 2228 1168 2273 tria
1202 2225 1364 2287 plana,
1405 2240 1555 2273 unum
1581 2224 1813 2287 angulum
1854 2224 2145 2283 claudentia,
2189 2223 2327 2270 binos

28 2304 29 2311 ¹
79 2297 330 2356 oppositos
369 2303 418 2344 et
455 2299 525 2346 sic
564 2313 649 2346 sex
686 2304 843 2347 rectos
881 2298 1087 2359 habent,
1137 2298 1242 2361 ejus
1282 2305 1330 2347 et
1367 2301 1460 2346 tria
1497 2299 1685 2360 reliqua
1723 2298 1898 2360 plana,
1940 2296 2172 2358 angulum
2211 2295 2330 2343 soli-

21 2402 28 2462 l
77 2364 188 2416 dum
212 2371 489 2432 oppositum
527 2370 820 2431 claudentia,
859 2372 1001 2420 binos
1030 2374 1295 2434 oppositOS,
1338 2373 1516 2434 quibus
1554 2376 1850 2434 congruunt,
1890 2377 2047 2419 rectos
2073 2366 2329 2417 habeant?

240 2447 324 2491 22.
364 2443 442 2490 An
468 2443 748 2492 hexae'dron
777 2445 841 2505 id,
883 2445 1022 2507 cujus
1049 2459 1173 2493 unus
1201 2445 1409 2508 angulus
1439 2446 1591 2493 tribus
1620 2443 1908 2507 aequalibus
1934 2448 2124 2492 constat
2160 2442 2330 2490 lateri-

34 2534 35 2537 *
75 2511 180 2575 buu,
217 2515 338 2565 alter
376 2518 523 2565 etiam
561 2520 814 2581 oppositus
852 2519 1005 2566 tribus
1044 2517 1331 2580 aequalibus
1373 2518 1599 2567 constet?

243 2593 327 2638 23.
368 2590 444 2637 An
484 2590 786 2654 hexae‘dron,
839 2598 1025 2655 septem
1063 2591 1254 2655 angulis
1293 2591 1530 2655 sphaerae
1568 2590 1910 2654 inscriptibile,
1962 2595 2138 2638 octavo
2183 2588 2328 2637 etiam

38 2694 39 2698 ,
77 2659 142 2709 sit
175 2661 529 2727 inscriptibile‘?

243 2739 326 2784 24.
368 2736 445 2784 An
483 2736 713 2786 hexae'dri
768 2739 924 2787 omnis
973 2736 1288 2801 quadrilateri
1331 2737 1568 2802 sphaerae
1607 2735 1938 2800 inscriptibilis
1976 2735 2078 2784 bini
2119 2735 2330 2798 oppositi

85 2806 248 2870 anguli
286 2809 413 2858 binis
449 2812 592 2859 rectis
632 2810 802 2859 solidis
839 2813 937 2860 sint
975 2811 1244 2875 aequales?
2324 2825 2331 2839 “

242 2886 326 2931 25.
366 2882 488 2931 Cum
528 2883 624 2932 duo
663 2884 835 2946 plana,
888 2884 1067 2948 angulo
1117 2892 1249 2934 recto
1291 2885 1586 2944 constantia,
1636 2883 1787 2932 latere
1843 2897 1935 2930 uno
1978 2883 2103 2930 circa
2142 2885 2326 2928 rectum

80 2954 278 3015 coeunt,
325 2954 523 3018 planum
562 2959 771 3017 tertium,
831 2957 1022 3006 duobus
1062 2960 1162 3006 suis
1200 2958 1434 3007 lateribus
1475 2957 1664 3005 duobus
1703 2955 1909 3005 residuis
1950 2957 2163 3018 priorum
2201 2955 2328 3001 circa

37 3027 40 3050 '⁶
78 3031 258 3075 rectum
297 3036 598 3091 coaptatum,
639 3032 795 3093 primo
836 3037 1063 3093 coaptato
1102 3029 1567 3094 perpendiculariter
1605 3031 1941 3077 substernitur.

37 3051 44 3163 l
245 3105 327 3149 26.
366 3101 660 3152 Hexae'dron
710 3102 780 3163 id,
836 3104 975 3166 cujus
1022 3106 1113 3152 trIa
1150 3105 1321 3167 plana,
1375 3118 1522 3150 uuum
1563 3102 1794 3165 angulum
1837 3100 2138 3159 claudentia,
2186 3099 2325 3146 binos

40 3167 44 3208 i
80 3175 326 3234 oppositos
363 3182 412 3224 et
449 3178 519 3224 sic
557 3190 643 3224 sex
683 3184 840 3224 rectos
880 3177 1087 3236 habent,
1142 3177 1246 3238 ejus
1296 3179 1438 3223 trium
1477 3176 1778 3223 residuorum
1817 3174 2070 3236 planorum
2112 3172 2326 3233 diagonii

42 3253 184 3423 kam
221 3250 547 3297 commissuris
584 3248 788 3297 laterum
828 3252 954 3298 circa
989 3255 1172 3298 rectum
1212 3251 1473 3312 primorum
1510 3248 1764 3310 planorum
1805 3248 2103 3295 constituunt
2141 3251 2325 3294 rectum

79 3318 323 3380 ungulum.

250 3398 333 3442 27.
373 3392 666 3442 Hexaiidron
707 3392 770 3453 id,
811 3393 950 3455 cujus
988 3407 1112 3441 unus
1151 3391 1359 3455 angulus
1399 3392 1551 3440 tribus
1590 3391 1882 3454 aequalibus
1922 3395 2114 3439 constat
2150 3389 2322 3439 lateri-

49 3456 192 3534 jus,
240 3480 328 3516 seu
381 3467 708 3515 commissuris
757 3467 898 3514 trium
951 3465 1205 3528 planorum
1257 3466 1470 3527 angulis,
1522 3464 1583 3512 ad
1623 3467 1962 3512 commissuras
2002 3465 2166 3524 rectis,
2218 3463 2323 3526 eJus

49 3535 271 3611 μωὶᾶυα
309 3540 402 3587 tria
440 3537 602 3600 plana,
642 3539 882 3599 diagoniis
921 3539 968 3585 in
1011 3539 1287 3601 oppositum
1327 3537 1536 3585 solidum
1577 3538 1888 3598 coeuntibus,
1929 3536 2157 3599 aequalia
2194 3542 2320 3585 sunt.

242 3616 327 3661 28.
368 3609 523 3659 Omne
561 3610 836 3659 tetra'e‘dron
875 3617 951 3658 est
987 3610 1223 3673 sphaerae
1262 3609 1594 3672 inscriptibilc.

245 3689 328 3734 29.
368 3682 484 3730 Tria
522 3681 847 3745 quadrilatera
885 3682 946 3730 ad
985 3681 1192 3730 solidum
1231 3685 1468 3741 coeuntia,
1509 3684 1651 3731 rectis
1690 3682 1751 3731 ad
1791 3683 2132 3732 commissuras
2163 3697 2322 3746 angu-

81 3749 153 3816 Β,
189 3764 301 3805 sunt
341 3754 496 3805 eidem
537 3754 715 3805 circulo
753 3754 1113 3820 inscriptibilia‚
1155 3756 1231 3804 cui
1270 3755 1512 3820 triangula
1550 3770 1639 3805 sua
1681 3758 1909 3806 connexis
1948 3758 2092 3807 rectis
2130 3756 2322 3820 angulis

0 3859 2 3869 ‚
82 3823 414 3878 hoeribuntur.

162 3910 318 3956 Inplerl
342 3913 467 3956 Opera
483 3912 587 3948 vm.
1917 3914 1974 3960 13
