2652 4088
283 194 392 252 150
868 190 1155 238 Collectanea
1185 204 1241 238 ex
1272 191 1504 237 codicibus
1535 189 1926 237 Pulkoviensibus.

287 358 394 394 esse
434 341 804 407 praesupponit,
857 355 964 390 cum
1017 345 1179 389 tamen
1217 338 1404 404 pedalis
1452 342 1676 389 nonsit.
1752 339 1878 389 Tum
1920 339 2111 390 demum
2151 345 2314 388 autem
2353 338 2532 403 optime

285 416 523 479 quidlibet
562 414 1020 478 contemplabimur,
1060 415 1101 461 si
1140 413 1271 475 quod
1310 427 1406 461 non
1446 419 1521 462 est
1557 419 1839 477 separatum
1875 428 2111 477 ponemus
2149 417 2442 476 separatum,
2481 418 2535 461 ut

284 491 469 539 faciunt
505 487 793 536 arithmetici
835 494 882 535 et
919 492 1209 548 geometrae.
1284 486 1347 534 Et
1383 486 1505 535 haec
1544 486 1765 550 exemplo
1804 486 2030 535 illustrat.
2096 485 2215 534 Inde
2254 485 2530 547 subjungit:

281 565 446 624 itaque
496 567 623 609 recte
670 560 851 608 faciunt
901 567 1177 620 geometrae
1230 565 1276 606 et
1328 558 1388 607 de
1443 561 1634 608 entibus
1686 559 1957 623 disputant,
2010 565 2064 607 ut
2115 560 2244 607 entia
2282 564 2395 606 sunt
2432 557 2531 607 illa.

282 633 478 698 Duplex
517 635 643 682 enim
683 639 758 681 est
797 646 895 693 ens,
938 646 1084 679 unum
1110 637 1237 691 actu,
1279 631 1483 680 alterum
1511 633 1835 681 materialiter.
1887 632 2033 680 Libro
2062 631 2127 683 ΙΙ.
2166 631 2315 695 Phys.
2346 645 2452 693 cap.
2482 636 2531 682 2.

287 712 446 757 exstat
482 705 619 754 locus
658 705 858 752 similis:
900 703 1187 760 Dicendum,
1227 706 1277 751 in
1317 719 1412 767 quo
1453 705 1641 754 differat
1680 705 1910 769 physicus
1938 720 1967 753 a
1992 704 2351 752 mathematico.
2408 703 2534 752 Nam

284 794 487 845 corpora
522 777 763 826 naturalia
801 777 982 825 habent
1018 777 1243 841 planities
1283 784 1330 825 et
1367 777 1663 827 soliditatem
1703 785 1749 826 et
1774 777 2129 840 longitudinem
2169 783 2217 826 et
2240 783 2435 841 puncta,
2475 775 2534 826 de

285 855 463 916 quibus
501 852 603 915 agit
628 851 1015 899 mathematicus,
1079 849 1161 898 Sic
1200 856 1248 900 et
1287 849 1408 898 illud
1447 852 1615 914 quaeri
1653 856 1841 913 potest,
1883 852 2180 899 astronomia
2220 865 2282 899 an
2320 851 2382 898 sit
2419 864 2532 913 pars

283 926 544 992 physicae,
585 939 645 973 an
687 923 881 971 diversa
919 922 1157 971 scientia?
1230 922 1357 970 Nam
1395 925 1436 971 si
1473 925 1682 986 pertinet
1719 923 1782 973 ad
1820 924 2101 988 physicum,
2153 923 2274 972 scire
2314 923 2431 985 quid
2471 924 2535 972 sit

284 999 393 1058 Sol,
450 996 566 1060 quid
605 996 772 1057 Luna,
822 1010 918 1044 non
957 995 1220 1044 absurdum
1259 998 1407 1045 etiam
1443 997 1530 1046 illa
1567 998 1712 1057 scire,
1769 1010 1893 1058 quae
1941 997 2038 1045 illis
2076 1011 2161 1060 per
2200 1011 2251 1044 se
2293 995 2532 1045 accidant.

281 1071 517 1134 Idemque
557 1085 665 1118 cum
703 1069 852 1130 aliaS,
904 1075 1007 1117 tum
1047 1070 1163 1132 quia
1204 1068 1423 1118 videmus
1464 1069 1622 1119 dicere
1660 1069 1889 1133 physicos
1929 1072 2074 1120 etiam
2115 1069 2173 1118 de
2211 1069 2366 1130 figura
2405 1068 2535 1119 Solis

282 1150 330 1196 et
367 1143 566 1204 Lunae,
607 1149 754 1206 atque
794 1144 967 1202 etiam,
1008 1157 1069 1191 an
1109 1142 1316 1191 rotunda
1354 1144 1417 1191 sit
1455 1143 1606 1192 Terra
1643 1149 1691 1192 et
1726 1142 1940 1192 Mundus
1979 1157 2147 1193 necne.
2226 1142 2396 1205 Itaque
2435 1143 2539 1203 agit

282 1217 480 1282 quidem
517 1216 887 1265 mathematicus
927 1215 986 1265 de
1027 1215 1117 1277 his,
1158 1215 1245 1265 sed
1283 1230 1378 1264 non
1419 1222 1656 1279 quatenus
1696 1223 1808 1266 sunt
1832 1217 2022 1279 singula
2049 1217 2263 1279 corporis
2301 1214 2536 1264 naturalis

286 1292 549 1350 examinat,
587 1304 746 1352 neque
775 1291 920 1339 etiam
945 1288 1217 1338 accidentia
1244 1289 1532 1351 considerat,
1574 1305 1701 1353 quae
1728 1290 1953 1340 accidunt
1977 1290 2091 1351 illis,
2132 1296 2373 1351 quatenus
2398 1288 2534 1350 talia,

281 1378 329 1413 n.
368 1362 611 1412 naturalia
648 1368 774 1425 sunt,
816 1377 965 1426 quare
1005 1364 1151 1411 etiam
1188 1369 1397 1427 separat.
1447 1364 1571 1412 Nam
1611 1378 1737 1426 quae
1775 1363 1838 1413 ad
1876 1370 2058 1412 motum
2087 1363 2340 1427 pertinent,
2376 1366 2537 1412 mente
2607 1408 2614 1418 ,

281 1438 497 1502 separari
536 1441 754 1500 possunt,
802 1442 849 1485 et
887 1435 955 1483 nil
995 1435 1286 1484 incommodi
1325 1439 1544 1499 sequitur
1581 1451 1671 1486 nec
1710 1452 1867 1488 errore
1905 1436 2130 1486 laborant
2167 1437 2252 1498 qui
2292 1439 2536 1499 separant.

279 1509 390 1560 Hoc
429 1510 556 1559 clare
596 1510 805 1558 cernitur
842 1510 891 1555 in
929 1507 1026 1557 illis
1053 1509 1407 1558 mathematicis
1434 1511 1674 1571 scientiis,
1716 1525 1841 1574 quae
1869 1511 2118 1574 propiores
2145 1514 2257 1558 sunt
2285 1508 2535 1573 physicae,

281 1589 336 1633 ut
373 1586 423 1631 in
460 1584 650 1648 optica,
699 1582 994 1642 harmonica,
1034 1582 1331 1647 astrologia,
1380 1585 1737 1647 reciprocantur
1774 1599 1822 1633 n.
1866 1581 2225 1646 quodammodo
2266 1596 2376 1632 cum
2411 1595 2535 1644 geo-

279 1657 467 1709 metria.
540 1655 725 1705 Verum
761 1656 1028 1718 geometria
1065 1656 1168 1718 agit
1208 1655 1267 1705 de
1305 1655 1510 1719 physica
1547 1656 1677 1706 linea
1729 1656 1939 1719 quidem,
1980 1663 2032 1706 at
2068 1671 2162 1704 non
2202 1661 2257 1704 ut
2295 1660 2370 1704 est
2407 1653 2536 1719 phy·

279 1731 410 1793 sica3
448 1726 534 1778 sed
574 1730 733 1794 optice
771 1729 918 1778 habet
956 1728 1349 1779 mathematicam
1373 1728 1565 1792 lineam,
1606 1744 1703 1778 non
1737 1745 1863 1794 quae
1891 1730 2249 1790 mathematica,
2291 1727 2379 1778 sed
2405 1741 2534 1792 quae

282 1802 502 1868 physica.

1267 1953 1457 2027 Caput
1506 1950 1559 2010 3.

1107 2074 1258 2127 Quid
1295 2075 1370 2121 sit
1408 2075 1712 2129 Quantum.

455 2180 661 2241 Eorum,
711 2182 869 2243 inquit
907 2181 1196 2231 Aristoteles
1234 2183 1281 2229 in
1323 2182 1618 2245 CategoriiS,
1659 2195 1785 2244 quae
1822 2182 1926 2230 sine
1966 2181 2221 2244 complexu
2261 2181 2535 2241 efferuntur,

283 2251 536 2317 quodlibet
588 2260 673 2302 aut
722 2255 1045 2304 substantiam
1092 2262 1180 2305 aut
1229 2262 1463 2318 quantum
1515 2263 1601 2303 aut
1646 2255 1852 2303 relatum
1898 2253 2153 2317 significat.
2233 2252 2341 2315 Quo
2380 2256 2537 2304 innuit
2626 2292 2628 2299 ,

282 2325 620 2391 philosophuS,
661 2333 846 2389 quanta
886 2331 1178 2378 constituere
1216 2344 1364 2377 unum
1404 2344 1463 2377 ex
1491 2329 1658 2378 decem
1685 2329 1888 2378 summis
1912 2342 2070 2376 rerum
2096 2328 2368 2390 generibus,
2409 2342 2536 2390 quo·

283 2415 387 2448 rum
428 2415 536 2450 cum
575 2414 753 2448 novem
792 2402 888 2449 sint
927 2417 984 2451 ex
1030 2416 1230 2451 numero
1279 2416 1467 2461 eorum,
1522 2416 1647 2464 quae
1687 2417 1738 2450 se
1789 2403 1908 2465 ipsis
1958 2415 2053 2449 non
2102 2400 2400 2462 subsistunt,
2450 2399 2538 2450 sed
2625 2414 2628 2419 ·

282 2469 454 2530 ὁλικως
491 2473 805 2522 materialiter
845 2476 949 2523 sive
988 2490 1072 2539 per
1110 2475 1444 2524 inhaesionem
1484 2475 1533 2521 in
1571 2474 1693 2535 alio,
1736 2476 1942 2538 primum
1981 2475 2103 2522 inter
2142 2488 2201 2522 ea
2239 2472 2398 2522 locum
2439 2475 2532 2522 ob-

119 2547 126 2576 ?
197 2595 229 2608 ,l
280 2548 404 2596 tinet
441 2561 597 2609 genus
637 2553 946 2608 quantorum.
1013 2547 1155 2609 Quod
1195 2549 1320 2596 enim
1360 2550 1520 2611 priora
1558 2554 1743 2609 quanta
1780 2549 1876 2595 sint
1914 2546 2079 2595 relatis
2118 2545 2535 2609 praedicamentis,
2612 2590 2639 2609 „

281 2617 330 2667 id
368 2633 454 2682 per
494 2634 545 2667 se
584 2621 891 2682 perspicuum
933 2627 1020 2680 est,
1062 2620 1194 2683 quod
1235 2635 1349 2669 vero
1390 2623 1535 2668 etiam
1574 2623 1621 2667 in
1661 2621 1932 2682 congenitis
1970 2619 2272 2668 substantiae
2312 2620 2534 2669 affectio·
2614 2659 2630 2675 ‚

280 2691 424 2740 nibus
462 2694 670 2755 primum
707 2691 869 2740 locum
897 2694 1147 2741 obtineant
1174 2699 1372 2754 quanta,
1413 2693 1523 2741 inde
1564 2699 1710 2757 patet,
1751 2696 1880 2754 quia,
1921 2693 2196 2753 ubicunque
2223 2700 2336 2740 sunt
2369 2693 2534 2755 quali·
2590 2690 2626 2738 ῗ.

282 2771 422 2824 tateS,
464 2765 533 2812 ibi
570 2770 681 2813 sunt
721 2770 769 2812 et
807 2768 1120 2826 quantitateS,
1160 2780 1255 2814 non
1296 2773 1463 2814 contra
1500 2780 1705 2829 semper.
1758 2765 1886 2827 Quid
1928 2779 2041 2814 vero
2081 2767 2145 2812 sit
2183 2773 2432 2827 quantum,
2473 2780 2535 2816 ex
2615 2779 2618 2783 ’

275 2838 378 2901 jam
419 2836 558 2886 dictis
596 2843 728 2900 patet
766 2838 1001 2899 nonnihil,
1041 2853 1107 2888 sc.
1136 2839 1267 2901 quod
1306 2841 1367 2886 sit
1406 2837 1628 2887 accidens
1662 2839 1964 2886 substantiae
2005 2840 2296 2900 primarium,
2337 2839 2533 2888 Aristo-

279 2910 400 2959 teles
438 2911 488 2957 in
529 2909 798 2972 Categoriis
838 2907 903 2967 ὡς
941 2909 990 2961 ἐν
1026 2930 1160 2975 τυπῳ
1201 2911 1425 2974 explicat,
1467 2917 1519 2958 ut
1557 2911 1764 2974 exempli
1802 2913 1960 2973 gratia
2000 2911 2286 2971 bicubitale,
2328 2912 2533 2963 tricubi·.-

281 2983 396 3044 tale,
437 2981 523 3032 sed
560 2982 684 3031 libro
726 2982 785 3033 V.
826 2983 945 3032 Met.
985 2999 1089 3048 cap.
1129 2989 1209 3036 1-3
1249 2991 1498 3046 quantum,
1539 2986 1621 3044 ait,
1662 2990 1736 3032 est
1773 2983 1853 3044 id,
1894 2983 2026 3045 quod
2064 2983 2317 3032 dividuum
2357 2991 2429 3033 est
2468 2983 2533 3042 εἷς

280 3054 633 3121 ἐνυπαρχοντα,
675 3057 724 3103 in
764 3062 937 3119 parteS,
979 3072 1104 3119 quae
1144 3058 1190 3104 in
1231 3063 1333 3105 toto
1373 3059 1558 3117 insunt,
1600 3071 1803 3119 quorum
1849 3063 1935 3105 aut
1971 3056 2175 3106 alterum
2214 3063 2300 3105 aut
2336 3059 2532 3120 singula

277 3135 394 3194 apta
430 3135 535 3178 rata
573 3135 706 3188 sunt,
758 3134 812 3177 ut
849 3131 946 3178 sint
985 3137 1031 3179 et
1071 3129 1291 3178 dicantur
1329 3145 1477 3178 unum
1516 3129 1631 3191 quid
1673 3136 1720 3178 et
1757 3129 2001 3192 singulare
2037 3130 2169 3193 (τοδε
2207 3127 2297 3195 τι),
2348 3132 2526 3237 quibus

284 3203 447 3252 verbis
487 3201 714 3251 describit
752 3215 827 3250 res
869 3208 1092 3265 quantaS,
1128 3217 1224 3250 non
1261 3204 1393 3266 ipsas
1432 3205 1746 3265 quantitates.

364 3303 369 3309 ›-
450 3274 651 3324 Veteres
691 3274 990 3339 philosophi,
1032 3275 1390 3324 considerantes
1428 3290 1734 3324 numerorum
1773 3282 1820 3323 et
1856 3275 2237 3338 magnitudinem
2274 3282 2323 3326 et
2347 3233 2525 3341 ampli-

279 3347 511 3408 tudinem,
553 3362 660 3397 curn
698 3347 816 3395 nihil
843 3355 972 3397 esset
995 3350 1045 3396 in
1071 3355 1173 3397 toto
1204 3351 1429 3397 universo
1467 3351 1528 3396 iis
1556 3363 1740 3412 expers,
1782 3347 2066 3396 definierunt
2099 3351 2394 3411 quantitates
2421 3365 2537 3400 esse>
2628 3363 2631 3375 ’

279 3435 438 3469 rerum
474 3421 708 3484 principia
744 3422 1056 3484 feceruntque
1095 3421 1231 3471 ideas
1268 3427 1518 3486 separatas
1545 3436 1603 3469 ex
1630 3423 1719 3483 iis;
1758 3436 1881 3483 quos
1909 3423 2104 3484 copiose
2129 3422 2306 3471 refutat
2333 3423 2532 3472 Aristo--

279 3493 400 3542 teles
439 3494 487 3540 in
526 3492 892 3557 Metaphysicis
2587 3487 2591 3490 ’

451 3566 787 3629 Propriissime
827 3581 951 3616 vero·
979 3566 1225 3630 loquendo
1265 3568 1552 3629 quantitatis
1591 3567 1642 3612 in
1665 3580 1839 3628 genere
1879 3566 2092 3615 definitio
2132 3566 2267 3616 nulla
2304 3567 2405 3615 dari
2433 3582 2526 3632 po·-

280 3642 397 3696 test‚
443 3643 484 3685 1.
517 3641 631 3699 quia
661 3645 732 3687 est
757 3654 998 3688 summum
1037 3655 1216 3702 genuS,
1270 3646 1317 3688 2.
1347 3642 1464 3702 quia
1490 3653 1584 3687 vox
1624 3633 1650 3688 ὁ
1676 3657 1900 3701 μερισμος
1920 3675 1933 3689 .
1953 3676 1965 3688 .
1986 3677 1997 3687 .
2016 3676 2028 3688 .
2082 3641 2254 3703 Itaque
2280 3642 2413 3705 prius
2451 3647 2531 3689 ests

280 3710 534 3773 partienda
571 3715 620 3760 in
658 3726 748 3761 sua
785 3713 1081 3777 significata,
1122 3720 1233 3778 post
1270 3713 1474 3778 singulis
1515 3726 1631 3761 suae
1671 3711 1988 3775 definitiones,
2029 3714 2070 3762 si
2110 3728 2243 3778 quae
2275 3721 2400 3775 sunt,
2440 3728 2526 3763 as-
2576 3709 2580 3716 ’

280 3782 562 3847 signandae.
