2652 4088
284 169 392 226 134
459 143 461 145 ’

1166 159 1374 206 Carmina
1407 157 1652 205 Solemnia.

712 313 911 364 Scilicet
947 312 1027 360 hic
1062 310 1189 361 ratio
1225 307 1405 357 validis
1444 310 1710 372 compescit
1734 309 1951 360 vhabenis

861 386 1080 435 Affectus
1117 381 1281 431 subita
1316 381 1591 430 mobilitate
1628 397 1800 446 vagos.

719 458 761 508 O
800 458 919 507 mihi
958 463 1058 506 tam
1095 453 1241 517 longe
1279 459 1476 503 maneat
1513 469 1628 518 pars
1664 456 1839 504 ultima
1877 455 2024 517 vitae,

833 531 963 581 ·Nec
998 541 1211 591 praecox
1249 525 1427 575 Clotho
1465 542 1688 590 rumpere
1726 528 1810 576 fila
1846 533 2000 590 paret,

716 602 782 654 Ut
820 609 919 653 tete
959 601 1118 650 officio
1156 598 1352 648 videam
1392 600 1652 649 succedere
1690 602 1858 663 patriai,

862 673 1179 736 Consilioque
1215 678 1353 721 tuum
1390 687 1537 735 posse
1571 673 1749 735 juvare
1789 673 1979 723 ducem.

718 749 828 798 Non
865 753 966 797 tam
1003 747 1279 805 noctivagis
1319 744 1481 794 decori
1519 752 1595 794 est
1630 746 1837 795 Phoebe
1875 759 2023 794 aurea
2061 744 2230 808 stellis,

864 819 1022 883 Quam
1060 824 1174 868 tuus
1212 821 1261 866 in
1298 824 1465 866 nostra
1501 823 1646 881 gente
1684 819 1860 868 nitebit
1894 818 2067 867 honos.

717 894 867 944 Plura
902 898 1133 957 paraturo
1171 892 1321 955 gemit
1358 892 1485 940 intra
1520 890 1740 954 pondera
1778 892 1941 940 cervix

865 965 1115 1028 Cruraque
1154 966 1344 1013 succiso
1383 962 1570 1028 poplite
1607 964 1736 1013 fessa
1773 964 1959 1013 labant.

715 1041 778 1090 Et
809 1040 913 1103 jam
952 1052 1079 1102 quae
1120 1037 1306 1087 claudit
1342 1037 1487 1098 latuS,
1529 1051 1693 1086 aurem
1733 1037 1872 1086 vellit
1909 1037 2066 1085 amica

863 1112 1033 1175 Teque
1070 1108 1246 1158 manus
1286 1109 1443 1172 epulis
1482 1123 1664 1172 sponsa
1701 1110 1932 1159 adhibere
1965 1110 2122 1173 jubet.

723 1186 896 1250 Perge,
935 1198 1024 1233 nec
1061 1183 1291 1246 impedio,
1331 1182 1418 1230 sed
1456 1183 1588 1231 laeto
1629 1183 1796 1232 vivida
1833 1183 1990 1244 vultu,

866 1258 940 1307 Ne
977 1263 1026 1306 te
1063 1256 1212 1319 hujus
1251 1255 1414 1304 dicant
1450 1257 1752 1318 poenituisse
1791 1270 1972 1305 morae.

726 1331 866 1381 Alme
906 1331 1056 1391 Deus,
1096 1332 1181 1392 qui
1219 1328 1445 1378 clementi
1481 1330 1609 1392 regis
1648 1330 1810 1378 omnia
1846 1335 1984 1390 nutu,

866 1403 1161 1467 Conjugium
1197 1401 1292 1450 hoc
1329 1406 1468 1450 tanta
1505 1404 1827 1465 prosperitate
1863 1403 2030 1462 beanS,

667 1472 670 1477 ’
722 1476 872 1526 Effice
909 1491 971 1526 ne
1010 1476 1136 1525 desit
1174 1473 1385 1535 soboles,
1427 1488 1554 1537 quae
1594 1475 1802 1537 denique
1840 1481 2017 1524 restat:

871 1549 1093 1609 Caetera,
1134 1549 1183 1596 t'e
1221 1546 1407 1610 pridem
1446 1562 1648 1597 munera
1686 1548 1847 1608 dante,
1887 1553 2068 1598 tenent.

722 1623 805 1673 Sic
843 1629 929 1673 tua
965 1621 1035 1670 nil
1074 1625 1262 1669 metuat
1297 1619 1482 1682 rigidos
1520 1621 1741 1670 Ecclesia
1778 1621 1979 1681 TurcaS,

866 1693 1187 1744 Pontificisve
1225 1707 1416 1756 graves,
1456 1707 1578 1755 quas
1612 1695 1736 1757 jacit
1775 1709 1871 1754 ore,
1911 1695 2081 1742 minas.

731 1767 794 1818 At
830 1783 922 1818 vos
960 1767 1179 1830 conjugii
1217 1766 1382 1815 stabili
1420 1766 1565 1814 modo
1603 1767 1797 1817 foedere
1830 1767 2005 1830 juncti,

869 1841 1074 1905 Sponse,
1112 1845 1198 1888 tuo
1237 1840 1455 1902 imperio,
1496 1838 1703 1903 Sponsa,
1742 1846 1826 1888 tuo
1867 1841 2118 1903 obsequio,

727 1915 895 1964 Vivite
936 1911 1215 1973 concordes,
1257 1911 1411 1961 donec
1449 1915 1682 1962 maturior
1719 1914 1858 1962 annis

869 1987 1061 2037 Inficiat
1096 1987 1261 2049 nigras
1300 1985 1416 2034 alba
1452 1992 1651 2036 senecta
1689 2000 1870 2035 comas.

1315 2087 1520 2136 Finis
