2652 4088
317 183 422 241 24ss
908 181 1192 229 Collectanea
1223 195 1279 228 ex
1311 182 1541 230 codicibus
1570 182 1960 230 PulkoviensibuS.

318 350 505 386 sursum
546 347 713 382 versus
753 333 996 380 sinistram
1035 330 1309 380 adscribere
1346 347 1570 381 numeros
1608 348 1752 394 suOS,
1794 331 2020 380 videlicet
2062 336 2106 392 1,
2147 337 2193 391 2,
2236 337 2283 393 3,
2326 337 2372 392 4,
2413 337 2458 393 5,
2503 337 2559 394 63
2650 322 2652 326 Α

319 419 367 459 61
402 409 495 456 1136
536 406 758 454 dicuntur
796 419 1082 467 sexagenae.
1156 405 1345 453 Deinde
1382 405 1552 453 horum
1591 421 1788 454 arcuum
1837 405 1915 453 vel
1954 419 2306 467 sexagenarum
2344 406 2560 467 singulas

317 479 603 530 subdividas
641 480 689 525 in
719 483 784 526 60
813 477 990 540 gradus
1017 477 1110 525 hoc
1133 484 1304 539 pacto:
1347 478 1508 526 divide
1547 481 1752 541 primum
1792 480 1838 524 in
1871 482 1899 526 5
1926 475 2011 542 (sc.
2038 492 2123 540 per
2148 492 2278 526 nova
2308 483 2337 526 4
2363 475 2562 543 puncta)
2648 509 2652 526 ε

318 567 483 602 omnes
519 558 546 600 6
587 565 740 608 arcus,
779 557 952 612 postea
990 550 1078 597 has
1125 551 1317 611 quintas
1356 550 1614 600 subdivide
1649 554 1694 598 in
1725 556 1770 611 3,
1811 552 1881 597 sic
1924 552 2276 598 constituentur
2318 555 2380 599 15
2408 552 2562 612 parti·
2650 555 2652 558 '

319 627 456 675 culae
496 627 542 671 in
583 623 788 686 singulis
816 623 1044 684 arcubus3
1086 622 1295 684 amplius
1333 623 1590 672 subdivide
1616 626 1663 670 in
1693 629 1738 681 2,
1780 629 1826 670 61
1852 622 2056 670 habebis
2085 628 2167 681 30,
2209 623 2418 685 denique
2445 623 2564 671 sub·
2646 640 2652 655 ⁴

321 697 483 751 divide
523 699 569 743 in
612 701 666 755 2,
719 701 774 742 ut
811 694 929 743 fiant
969 700 1051 742 60.
1127 695 1381 743 Decimam
1419 711 1662 758 quamque
1714 694 1999 758 particulam
2045 696 2238 744 notabis
2286 695 2415 743 linea
2452 695 2565 742 1011-

318 770 543 834 giuscula
582 768 643 816 ad
683 776 896 816 centrum
935 767 1163 815 tendente
1202 775 1250 816 et
1275 768 1521 817 adscribes
1547 783 1771 817 numeros
1803 773 1883 826 10,
1915 773 1980 816 20
2009 803 2020 815 .
2050 803 2061 815 .
2092 805 2103 816 .
2133 803 2144 815 .
2176 773 2258 827 60,
2297 769 2565 816 minoribus
2643 827 2652 838 L

319 859 465 907 quam
504 843 776 904 superiores
815 840 1193 900 characteribus,
1246 840 1332 889 sed
1383 841 1552 901 eodem
1593 842 1780 900 ordine,
1833 855 2022 903 semper
2059 842 2231 889 iterum
2269 855 2298 888 a
2340 846 2403 889 10
2443 841 2567 888 inci·
2646 847 2652 894 ;’

317 920 474 980 piens.
552 914 758 976 Quintae
797 918 958 975 partes
998 915 1145 961 etiam
1183 915 1378 962 notabis
1415 913 1608 974 lineola,
1649 915 1735 963 sed
1763 915 1973 961 numeris
1999 913 2177 961 additis
2204 927 2298 961 non
2326 920 2399 962 est
2427 927 2565 976 opus.
2647 910 2652 974 ἦ

318 991 400 1038 Sic
439 988 695 1036 distributa
735 986 1116 1034 circumferentia
1155 1001 1239 1048 per
1278 986 1518 1035 coloratas
1555 987 1779 1045 lineolas,
1833 994 2067 1048 quantum
2107 986 2209 1034 fieri
2247 993 2411 1049 potest
2448 987 2567 1033 sub·
2647 1046 2649 1051 Α

317 1063 596 1120 tilissimas,
647 1059 905 1107 rotundum
945 1057 1170 1107 exscinde
1211 1059 1439 1107 circulum
1478 1061 1526 1106 in
1563 1060 1692 1109 linea
1732 1059 1949 1107 circulari
1989 1059 2302 1120 amplissima.
2379 1057 2567 1124 Deinde
2636 1053 2652 1109 ἐ

317 1131 527 1203 (divide)
578 1135 625 1179 in
670 1139 692 1181 1
737 1147 834 1182 sex.
880 1128 983 1186 170,
1037 1136 1081 1180 1.
1127 1137 1207 1191 47,
1261 1138 1308 1180 2.
1355 1138 1434 1190 17,
1489 1138 1535 1181 2.
1578 1138 1660 1194 47,
1717 1138 1764 1183 3.
1811 1138 1891 1191 17,
1935 1137 1982 1181 3.
2026 1137 2110 1195 47,
2167 1137 2213 1180 4.
2259 1138 2338 1191 17,
2393 1137 2439 1180 4.
2483 1136 2565 1190 47,
2639 1130 2652 1184 1

323 1213 368 1258 5.
414 1213 494 1266 17,
538 1210 585 1255 ξ).
629 1211 711 1265 47,
754 1210 800 1256 0.
844 1210 924 1264 17,
967 1209 1014 1253 0.
1058 1209 1141 1255 47.
1217 1205 1441 1266 Denique
1489 1207 1634 1254 etiam
1671 1207 1720 1252 in
1772 1212 1934 1254 centro
1975 1204 2152 1253 directe
2193 1219 2284 1252 acu
2322 1218 2569 1267 perpunge
2645 1197 2652 1219 ''

319 1280 558 1335 rotulam,
612 1284 758 1340 atque
797 1279 844 1325 in
885 1277 1037 1325 altera
1085 1277 1209 1325 facie
1248 1292 1321 1326 ex·
1345 1284 1508 1326 centro
1549 1280 1765 1327 describe
1805 1277 2035 1326 circulum
2082 1292 2167 1340 per
2205 1277 2326 1326 haec
2364 1286 2566 1340 puncta:
2642 1276 2652 1335 j

320 1356 390 1402 sic
428 1351 617 1401 divides
666 1348 802 1398 illum
849 1353 896 1397 in
941 1355 1021 1400 12.
1098 1349 1143 1396 A
1180 1351 1372 1412 punctis
1412 1357 1574 1399 autem
1615 1351 1907 1399 divisionum
1959 1351 2051 1398 due
2096 1364 2267 1399 coecas
2318 1350 2469 1398 lineas
2509 1348 2570 1397 ad
2647 1342 2652 1387 ἕ

321 1433 550 1485 centrum,
583 1423 712 1486 quod
739 1431 811 1472 est
837 1438 990 1485 usque
1017 1422 1079 1470 ad
1108 1429 1338 1483 centrum,
1366 1429 1520 1471 totum
1550 1424 1790 1484 exscinde,
1820 1430 2004 1471 tantum
2031 1422 2212 1472 relictis
2242 1429 2303 1472 12
2333 1423 2571 1472 bracheo-

320 1500 381 1548 lis
421 1513 528 1548 cum
570 1503 735 1545 centro
774 1496 963 1545 rotulae
1003 1495 1156 1555 salv0‚
1197 1496 1284 1545 sed
1322 1496 1660 1546 subtilissima

492 1570 635 1618 Hanc
674 1569 844 1617 ultimo
891 1574 1111 1631 paratam
1161 1568 1332 1617 faciem
1381 1570 1568 1619 rotulae
1607 1572 1807 1632 inverge
1857 1568 2055 1618 tabulae
2105 1575 2152 1617 et
2203 1570 2308 1632 ejus
2360 1573 2570 1616 centrum

324 1643 519 1707 applica
557 1649 720 1690 centro
760 1642 974 1700 tabulae,
1017 1640 1147 1703 quod
1187 1649 1260 1690 est
1297 1644 1343 1688 in
1385 1645 1598 1692 sectione
1637 1644 1896 1704 linearum3
1935 1643 2220 1705 principium
2250 1655 2361 1690 vero
2388 1643 2569 1703 primae

320 1730 592 1778 sexagenae
629 1713 753 1781 (sive
791 1729 891 1764 sex.
922 1720 951 1762 0
992 1729 1061 1776 gr.
1092 1712 1141 1779 O)
1179 1717 1227 1761 in
1266 1716 1421 1777 prima
1458 1717 1581 1765 facie
1621 1722 1884 1779 apparente
1935 1715 2131 1778 applica
2176 1716 2410 1778 superiori
2447 1714 2574 1777 parti

319 1792 486 1853 nigrae
522 1788 696 1839 lineae.

493 1861 685 1909 Deinde
723 1862 771 1908 in
812 1860 1195 1909 circumferentia
1236 1857 1398 1907 circuli
1439 1875 1617 1924 quaere
1659 1867 1686 1910 6
1727 1866 1908 1923 puncta
1945 1874 2031 1923 pro
2074 1866 2102 1909 6
2132 1863 2364 1925 apogaeis
2401 1859 2575 1924 plane-

320 1942 496 1997 tarum,
535 1935 628 1984 hoe
665 1942 838 1998 pacto:

2612 2380 2652 2419 *ff
2616 1925 2652 2357 .‘1’⁴³‘'⁶.;..²⁴·''*11“‡‘*⁴‘*3·ff
2638 1878 2652 1898 .-
2623 1743 2648 1862 ·-·-·-·**.22
2632 1712 2641 1725 =-
2636 1551 2652 1605 «6-
2645 1519 2652 1535 -.
2639 1452 2652 1472 ·.

1207 2000 1369 2056 Sexag.
1421 2014 1486 2056 gr.

1153 2065 1186 2121 ῼ
1271 2070 1309 2112 1.
1334 2091 1388 2100 --
1415 2067 1481 2113 16.
1515 2072 1560 2111 et
1591 2067 1737 2112 minus
1771 2068 1872 2112 dim.

1143 2127 1195 2243 ἒ
1267 2126 1308 2229 ὲ
1338 2151 1383 2217 ἶ
1408 2125 1482 2229 ἐξ
1511 2126 1856 2229 &maffia-fidius
1889 2182 1977 2228 dim

716 2279 719 2282 .
756 2214 846 2259 Pro
880 2226 1082 2272 apogaeo
1142 2244 1200 2301 2}-
1269 2218 1310 2287 3]
1335 2268 1387 2274 —
1410 2214 1479 2286 ⁶7]
1510 2248 1556 2287 et
1586 2199 1723 2311 gaulo
1754 2199 1920 2311 rpninus.
1982 2219 1992 2231 ·

1152 2304 1192 2416 ξ
1270 2301 1313 2405 ῑέῑ
1334 2302 1482 2405 1³23:
1510 2308 1564 2405 ἓξ
1585 2315 1741 2406 ’111ῗὲ
1764 2301 1878 2407 31¹3.

494 2445 650 2495 Juxta
674 2446 795 2494 haec
821 2451 1002 2507 puncta
1038 2451 1190 2503 rotae,
1231 2459 1316 2507 per
1353 2459 1578 2493 numeros
1618 2446 1876 2507 inscriptos
1905 2459 2146 2508 expressa,
2189 2449 2304 2493 nota
2330 2445 2378 2492 in
2404 2443 2626 2503 tabulari

324 2535 410 2569 sex
449 2533 596 2568 coeca
632 2525 813 2581 puncta
852 2525 899 2566 et
937 2521 1096 2566 coecis
1134 2518 1289 2567 literis
1329 2518 1549 2567 adscribe
1585 2519 1784 2565 nomina
1821 2517 2124 2579 planetarum
2164 2518 2246 2582 (V.
2287 2517 2369 2567 So,
2397 2517 2497 2569 Ma.
2522 2516 2572 2567 J.

322 2592 422 2642 Me.
463 2588 582 2657 Sa.).
661 2589 853 2639 Deinde
910 2591 1029 2639 haee
1069 2593 1231 2639 omnia
1279 2605 1364 2638 sex
1401 2598 1583 2653 puncta
1638 2593 1795 2639 coecis
1846 2590 1986 2639 lineis
2027 2605 2136 2640 cum
2175 2595 2339 2639 centro
2377 2589 2572 2640 tabulae
2611 2623 2643 2633 ›-

323 2672 572 2722 connecte,
613 2678 671 2712 ex
709 2664 862 2711 altera
901 2678 1014 2711 vero
1053 2670 1189 2725 parte
1226 2662 1411 2725 produc
1449 2663 1772 2725 longiuscule.

495 2737 611 2785 ,Iam
650 2750 792 2798 porro
832 2735 1083 2797 expediet,
1136 2744 1183 2783 te
1221 2735 1400 2784 habere
1451 2750 1681 2798 maguum
1730 2743 1778 2784 et
1815 2750 2019 2798 parvum
2071 2738 2323 2797 circinum,
2375 2741 2572 2800 propter
2611 2732 2621 2740 ’“

325 2809 572 2860 ducendos
610 2809 815 2858 circulos
855 2808 998 2857 valde
1039 2808 1335 2870 inaequales.

990 2969 1269 3026 sphaerae
1307 2969 1534 3016 Saturni
1570 2969 1893 3017 delineatio,

498 3069 619 3118 Cum
659 3069 836 3118 circino
877 3069 924 3115 in
965 3068 1094 3116 linea
1139 3073 1237 3117 100
1277 3069 1483 3131 partium
1524 3067 1874 3131 comprehende
1914 3074 2074 3131 partes
2107 3070 2203 3140 1οξ
2247 3068 2455 3132 illasque
2484 3083 2593 3127 ex<

320 3142 464 3193 tende
502 3158 532 3190 a
571 3148 734 3191 centro
775 3141 1039 3189 universali
1077 3143 1124 3187 in
1164 3141 1293 3189 linea
1331 3155 1477 3189 coeca
1511 3136 1577 3204 ῒ),
1620 3150 1666 3189 61
1703 3142 1786 3189 ubi
1826 3143 1990 3189 circini
2027 3157 2114 3204 pes
2154 3142 2298 3203 cadit,
2339 3147 2579 3205 punctum-
2650 3146 2652 3203 j

322 3217 541 3279 imprime
580 3212 796 3278 (quando
837 3228 952 3262 vero
991 3217 1224 3262 remotius
1262 3213 1451 3262 videtur
1487 3213 1581 3262 hoc
1619 3215 1842 3276 spatium,
1882 3222 2114 3277 punctum
2153 3215 2286 3265 aliud
2325 3217 2374 3262 in
2412 3213 2567 3264 medio
2649 3207 2652 3243 ἶ

324 3286 523 3353 divide).
587 3286 776 3335 Deinde
815 3301 923 3335 cum
962 3288 1139 3335 circino
1179 3285 1530 3349 comprehende
1568 3294 1728 3349 partes
1759 3288 1863 3356 91}
1903 3295 1951 3336 et
1988 3289 2149 3350 posito
2188 3303 2284 3337 uno
2323 3287 2449 3350 pede
2476 3288 2567 3336 cir-

325 3363 418 3410 cini
444 3358 503 3407 'in
543 3367 774 3423 punctum
812 3362 1084 3422 proximum
1125 3359 1270 3407 modo
1299 3362 1562 3413 inventum,
1604 3374 1710 3407 cum
1738 3359 1888 3408 altero
1917 3360 2133 3410 describe
2159 3361 2337 3411 lineam
2366 3363 2567 3436 nigram,

324 3448 449 3498 quae
489 3440 564 3481 est
600 3436 680 3480 via
718 3432 929 3481 Saturni.
1005 3433 1124 3480 Post
1160 3447 1296 3481 sume
1342 3431 1549 3480 rotulam
1601 3432 1804 3494 ejusque
1855 3440 2069 3481 centrum
2121 3435 2315 3497 applica
2352 3428 2586 3498 praecise

324 3507 387 3555 ad
425 3511 656 3569 punctum
694 3507 927 3554 remotius
966 3505 1111 3553 modo
1152 3507 1426 3565 inventum,
1468 3506 1535 3552 ita
1573 3512 1627 3552 ut
1664 3507 1816 3566 prima
1853 3507 2003 3554 facies
2042 3513 2291 3569 appareat.
2367 3507 2423 3554 In
2447 3505 2566 3567 'ejus

326 3578 708 3627 circumferentia
749 3593 864 3626 vero
893 3593 1071 3640 quaere
1098 3578 1386 3640 completam
1426 3591 1717 3639 sexagenam
1748 3583 1794 3637 3,
1833 3578 2036 3640 gradum
2077 3582 2172 3641 353
2213 3579 2340 3628 hunc
2378 3573 2574 3641 applica*

323 3651 482 3700 lineae
522 3665 695 3700 coccae
732 3646 790 3714 ἵ),
831 3666 928 3714 qua
962 3657 1098 3714 parte
1137 3651 1374 3712 producta
1413 3657 1500 3698 est.
1577 3648 1673 3699 Ubi
1712 3659 1866 3698 rotam
1905 3655 1975 3699 sic
2012 3653 2333 3715 applicaveris
2373 3659 2419 3699 61
2458 3650 2570 3699 cera*

324 3723 405 3772 vel
444 3725 539 3772 3110
579 3724 722 3772 modo
762 3723 824 3772 ad
861 3731 1052 3786 tempus
1091 3722 1315 3771 stabilem
1354 3722 1632 3782 reddideriS,
1673 3723 1866 3785 applica
1903 3724 2121 3786 regulam
2162 3732 2323 3773 centro
2359 3729 2492 3772 rotae
2518 3725 2566 3782 et

325 3796 527 3856 singulis
565 3798 757 3858 punctis
797 3797 1229 3856 circumferentiae,
1282 3810 1486 3858 quorum
1533 3803 1645 3842 sunt
1685 3801 1804 3844 360.
1882 3797 1943 3844 Et
1982 3812 2275 3859 quocunque
2313 3803 2359 3844 te
2396 3793 2589 3858 regula·

328 3867 474 3929 ducit,
513 3868 580 3916 ibi
618 3871 667 3916 in
706 3870 789 3918 via
825 3866 862 3932 Β
890 3876 1006 3918 11013
1044 3868 1198 3916 simile
1236 3875 1468 3934 punctum
1506 3867 1806 3933 similemque
1848 3870 2181 3920 ei.numerum
2208 3869 2441 3928 adscribe,
2481 3866 2589 3934 qui,-
