2652 4088
315 162 420 220 158
904 159 1191 207 Collectanea
1220 173 1277 205 ex
1309 150 1536 207 codicibus
1565 160 1958 208 Pulkoviensibus.

1271 317 1460 390 Caput
1512 312 1607 375 10.

1042 429 1124 475 De
1161 427 1388 485 origine
1423 428 1818 476 Humerorum.

481 527 554 575 Ex
592 527 768 589 quibus
802 527 904 589 jam
945 526 1085 576 dictis
1123 529 1206 576 via
1243 527 1386 575 nobis
1425 528 1660 589 aperitur,
1712 527 1771 576 de
1820 529 2004 592 origine
2041 528 2287 578 facultatis
2325 541 2554 576 numera—

311 603 440 650 tricis
477 607 525 648 et
562 614 867 648 numerorum
906 602 1117 662 ipsorum
1156 601 1333 648 altiora
1369 600 1679 663 speculandi,
1736 615 1861 664 quae
1901 601 2179 664 Aristoteli,
2231 607 2400 664 utpote
2452 601 2554 650 veri

310 674 403 724 Dei
442 675 635 736 ignaro,
670 679 807 721 erant
843 675 1109 722 inaccessa.

482 746 672 795 Etenim
709 745 1074 795 Platonicorum
1127 748 1234 808 ipsa
1282 746 1574 807 antiquitate
1626 745 2024 795 commendabilis
2076 752 2178 795 erat
2228 747 2349 795 haec
2387 745 2552 810 philo-

307 819 495 883 sophia,
537 818 665 881 quod
706 819 932 876 dicerent,
972 819 1133 868 Deum
1172 826 1325 867 totam
1363 833 1521 866 rerum
1558 821 1925 868 universitatem
1966 819 2240 868 condidisse
2279 819 2340 868 ad
2379 819 2553 881 ideam,

310 895 359 940 in
398 892 494 940 Dei
532 900 693 940 mente
731 891 1020 940 relucentem
1059 894 1202 955 eique
1241 897 1563 940 coaeternam.
1626 891 1769 941 Hanc
1806 895 2093 942 sententiam
2133 895 2243 940 tuiti
2282 899 2394 941 sunt
2432 895 2555 941 inter

308 965 607 1014 Christianos
645 964 922 1012 scholastici
962 965 1197 1026 doctoreS‚
1238 965 1610 1013 subtilissimum
1646 980 1802 1028 genus
1836 965 2251 1029 philosophorum.
2302 966 2402 1014 Nos
2428 965 2553 1014 hanc

306 1037 508 1087 eandem
546 1039 850 1095 sententiam,
890 1045 944 1085 ut
982 1052 1040 1086 eo
1078 1040 1236 1086 minus
1265 1039 1607 1101 impingamus,
1645 1041 1882 1102 tantisper
1919 1045 2162 1099 tueamur,
2203 1045 2255 1086 ut
2295 1045 2551 1099 statuatur,

305 1111 465 1160 ideam
503 1111 652 1170 illam,
695 1110 755 1158 ad
796 1125 939 1172 quam
980 1111 1188 1159 mundus
1228 1118 1301 1159 est
1341 1110 1583 1172 conditus,
1622 1125 1719 1160 non
1759 1126 1866 1161 esse
1905 1111 2148 1161 diversum
2188 1111 2304 1174 quid
2342 1112 2405 1160 ab
2443 1112 2549 1174 ipso

303 1184 427 1233 Deo,
505 1183 614 1245 Quo
652 1185 836 1245 posito,
877 1186 918 1231 si
957 1191 1216 1246 quaeratur
1254 1200 1285 1232 a
1324 1183 1471 1241 nobis
1506 1197 1656 1233 causa
1691 1199 1998 1234 numerorum
2037 1187 2084 1231 in
2124 1186 2292 1244 rebus,
2334 1197 2418 1232 cur
2454 1186 2550 1233 sci·—

304 1257 418 1306 licet
456 1256 664 1304 mundus
702 1269 798 1304 non
835 1258 898 1304 sit
935 1258 1091 1305 factus
1130 1257 1343 1319 sibiipsi
1371 1255 1686 1319 undiquaque
1711 1258 1976 1318 uniformis,
2016 1264 2147 1308 totus
2174 1264 2222 1306 et
2250 1271 2389 1316 unus,
2429 1271 2550 1305 nus-

304 1344 451 1393 quam
490 1346 519 1378 a
555 1344 607 1378 se
646 1331 752 1391 ipso
792 1328 1108 1393 discrepans?
1146 1329 1574 1392 respondebimus,
1615 1331 1775 1379 Deum
1814 1333 1987 1394 ipsum,
2029 1333 2111 1394 qui
2151 1330 2382 1378 mundum
2419 1328 2549 1379 hunc

302 1403 369 1452 ad·
403 1417 522 1452 suae
562 1401 921 1464 quodammodo
961 1402 1156 1452 deitatis
1194 1403 1354 1451 ideam
1390 1403 1520 1463 fecit,
1562 1417 1667 1452 esse
1704 1418 1800 1452 non
1839 1418 1999 1464 unam,
2040 1403 2126 1452 sed
2164 1410 2259 1452 tres
2298 1417 2544 1466 personas,

302 1490 506 1538 cumque
544 1475 800 1524 distinctae
838 1477 934 1524 sint
971 1478 1292 1541 proprietates
1331 1478 1380 1523 in
1408 1490 1505 1524 una
1530 1476 1889 1539 simplicissima
1927 1477 2018 1525 Dei
2048 1478 2271 1536 essentia,
2311 1490 2397 1539 per
2424 1490 2546 1539 quas

298 1563 508 1613 persona
546 1547 703 1597 differt
739 1564 768 1597 a
804 1563 1037 1611 persona,
1087 1549 1298 1611 ideoque
1337 1549 1483 1598 etiam
1523 1549 1755 1597 mundum
1794 1549 2020 1599 debuisse
2060 1550 2353 1598 differentias
2393 1563 2545 1612 quas·-

301 1622 412 1671 dam
450 1623 719 1685 suscipere,
771 1636 858 1685 per
905 1636 1027 1685 quas
1076 1625 1287 1671 numeris
1336 1621 1496 1670 aditus
1544 1622 1808 1684 patefieret.
1885 1623 2076 1671 Etenim
2117 1625 2240 1671 sicut
2278 1625 2459 1671 creatio
2498 1628 2545 1671 et

295 1697 583 1744 sustentatio
623 1701 935 1757 temporanea
973 1696 1138 1744 mundi
1179 1702 1253 1744 est
1279 1696 1454 1757 exigua
1483 1695 1722 1756 quaedam
1751 1697 1914 1758 imago
1938 1697 2265 1758 generationis
2301 1703 2542 1757 aeternae,

297 1783 394 1831 qua
431 1775 569 1832 pater
605 1769 761 1830 gignit
796 1767 962 1829 filium,
1004 1775 1051 1817 et
1088 1769 1414 1832 processionis
1453 1774 1694 1829 aeternae,
1736 1783 1832 1831 qua
1870 1771 2068 1831 spiritus
2107 1770 2167 1818 ab
2197 1776 2400 1831 utroque
2428 1783 2544 1831 pro·
2630 1791 2636 1799 ·

298 1841 450 1890 cedit:
493 1844 560 1890 ita
601 1843 762 1898 etiam,
803 1842 918 1903 quia
956 1842 1091 1890 Deus
1130 1856 1216 1905 per
1255 1842 1616 1905 generationem
1655 1849 1703 1889 et
1727 1844 2084 1904 processionem
2126 1844 2346 1890 trinunus
2385 1849 2457 1890 est
2496 1848 2544 1891 et

296 1914 580 1975 declaratur,
621 1913 731 1961 ideo
771 1922 818 1962 et
856 1928 931 1962 res
969 1915 1244 1964 mundanae
1282 1927 1369 1977 per
1408 1916 1702 1962 creationem
1739 1921 1787 1962 et
1813 1917 2216 1964 sustentationem
2241 1929 2442 1964 necesse
2470 1921 2544 1963 est

293 1986 510 2036 diversas
551 1994 599 2036 et
636 1987 959 2035 numerabiles
1005 1988 1121 2036 fieri.
1201 1987 1556 2047 Veruntamen,
1610 1988 1735 2034 sicut
1772 1987 1905 2036 Deus
1957 1987 2170 2036 infinitus
2222 1994 2272 2037 et
2317 1994 2541 2037 aeternus

291 2066 378 2121 est,
419 2067 666 2109 creaturae
706 2067 753 2108 et
789 2059 955 2108 finitae
996 2068 1044 2109 et
1082 2067 1424 2125 temporaneae
1463 2066 1512 2108 et
1550 2060 1597 2105 in
1636 2058 1770 2108 nullo
1820 2063 2196 2124 comparationis
2234 2060 2386 2124 gradu
2428 2075 2538 2109 cum

294 2132 428 2195 Dec,
469 2136 538 2182 ita
577 2135 722 2182 etiam
759 2134 807 2179 in
846 2133 939 2181 hoc
977 2137 1219 2196 praesenti
1259 2134 1456 2196 negotio
1494 2147 1695 2181 necesse
1735 2138 1831 2193 est,
1872 2133 1964 2182 hoc
2002 2133 2240 2182 infinitum
2283 2133 2537 2182 discrimen
2625 2123 2652 2185 τ’

292 2221 413 2265 esse,
453 2206 583 2270 quod
611 2207 761 2267 Deus,
800 2209 1023 2268 quamvis
1050 2210 1202 2255 trinus
1231 2209 1277 2253 in
1304 2207 1539 2269 personis,
1580 2220 1705 2253 unus
1745 2212 1906 2255 tamen
1947 2213 2020 2255 est
2058 2209 2105 2254 in
2134 2208 2360 2267 essentia,
2401 2221 2538 2256 crea·
2616 2239 2620 2242 -

291 2286 428 2329 turae
470 2295 583 2329 vero
622 2293 707 2342 per
744 2282 1004 2329 essentiam
1043 2288 1156 2329 sunt
1194 2279 1418 2329 diversae
1458 2286 1506 2327 et
1543 2275 1867 2328 numerabiles
1908 2282 2220 2343 ipsarumque
2260 2281 2421 2328 unitas
2460 2293 2540 2329 re-

290 2359 459 2416 spectu
500 2353 693 2401 divinae
731 2355 931 2401 unitatis
981 2362 1054 2402 est
1090 2369 1273 2403 merum
1313 2351 1552 2401 accidenS.
1632 2351 1820 2401 Deinde
1861 2352 2092 2402 divinitas
2140 2356 2187 2401 in
2226 2365 2540 2416 personarum
2621 2355 2628 2363 '

291 2428 504 2474 trinitate
543 2427 777 2485 subsistit,
818 2440 908 2474 nec
947 2427 1071 2475 ultra
1109 2433 1421 2490 propagatur.
1500 2423 1568 2472 At
1606 2439 1696 2485 res,
1738 2426 1876 2474 initio
1916 2433 2060 2489 capto
2100 2441 2129 2475 a
2167 2440 2257 2474 sua
2297 2427 2539 2475 creatione

289 2498 352 2547 ad
389 2499 842 2559 numerabilitatem‚
883 2500 932 2546 in
960 2499 1197 2547 infinitum
1225 2514 1332 2547 sese
1370 2496 1711 2559 multiplicant.
1763 2498 1925 2547 Causa
1964 2506 2049 2559 est,
2091 2501 2205 2561 quia
2243 2499 2375 2547 solus
2403 2499 2540 2548 Deus

293 2573 533 2634 perfectus
572 2578 658 2633 est,
699 2586 774 2620 res
813 2586 979 2619 omnes
1018 2574 1352 2636 imperfectae:
1395 2569 1522 2618 unde
1559 2571 1607 2617 in
1647 2569 1752 2618 solo
1794 2571 1877 2619 illo
1910 2573 2172 2634 perfectam
2212 2571 2537 2634 pluralitatem

291 2659 606 2708 personarum
647 2643 900 2705 credimus,
942 2651 992 2692 at
1029 2647 1078 2692 in
1120 2646 1265 2694 rebus
1304 2649 1377 2692 est
1400 2643 1681 2705 imperfecta
1706 2642 1976 2706 pluralitas.
2028 2644 2226 2692 Numeri
2256 2647 2382 2694 enim
2410 2659 2536 2692 nun-

292 2732 435 2780 quam
475 2717 727 2777 finiuntur,
769 2717 854 2765 sed
893 2733 1081 2780 semper
1118 2719 1284 2779 augeri
1322 2722 1555 2779 possunt,
1603 2723 1653 2764 at
1691 2717 1880 2764 trinitas
1921 2731 1978 2765 eo
2017 2719 2124 2779 ipso
2163 2717 2350 2777 finitur,
2404 2717 2534 2780 quod

289 2792 594 2854 principium,
633 2790 846 2838 medium
886 2796 934 2838 et
971 2791 1080 2837 finis
1117 2804 1318 2838 numero
1358 2791 1448 2837 tria
1486 2794 1612 2836 sunt.
1693 2788 1816 2837 Vide
1856 2789 2001 2837 Arist.
2029 2790 2067 2837 Ι.
2110 2791 2183 2838 De
2223 2791 2373 2839 Coelo
2414 2805 2452 2839 c.
2487 2795 2531 2840 1.
2595 2851 2604 2858 ,
2651 2858 2652 2866 ἵ

463 2863 562 2913 Sed
601 2864 775 2912 clarius
810 2863 931 2912 haec
968 2863 1279 2926 philosophia
1315 2861 1499 2909 lucebit
1537 2863 1584 2908 in
1625 2861 1902 2923 indaganda
1930 2864 2113 2926 origine
2150 2864 2396 2911 facultatis
2435 2877 2529 2911 nu·

287 2939 570 2986 meratricis.
645 2937 837 2985 Etenim
886 2942 1076 2985 constat
1121 2937 1261 2985 nobis
1306 2948 1401 2982 non
1450 2936 1518 2982 ita
1565 2935 1771 2982 tenuiter
1808 2941 1990 2983 tantum
2039 2951 2124 2999 per
2172 2936 2529 2999 philosophiam
2587 2995 2595 3001 x

287 3009 606 3071 Platonicam,
648 3009 732 3058 sed
770 3009 916 3057 latius
956 3024 1042 3072 per
1080 3008 1253 3058 Sacras
1291 3007 1502 3066 Literas,
1542 3006 1786 3054 hominem
1826 3022 1931 3056 esse
1971 3009 2216 3057 conditum
2255 3008 2317 3057 ad
2355 3010 2533 3072 imagi·
2590 3039 2592 3043 ψ

289 3096 400 3132 nem
439 3083 532 3132 Dei
561 3083 703 3147 (Gen.
737 3088 780 3143 1,
811 3078 934 3150 27.).
1011 3082 1103 3130 Illa
1141 3079 1404 3130 similitudo
1433 3080 1526 3127 Dei
1553 3081 1601 3125 iu
1626 3081 1779 3128 tribus
1808 3083 1974 3142 quaeri
2011 3088 2189 3146 potest,
2228 3087 2313 3130 aut
2349 3083 2396 3128 in
2424 3096 2532 3130 cor-

289 3170 421 3218 pore,
462 3161 546 3204 aut
585 3159 632 3203 in
672 3157 849 3216 animo,
889 3162 974 3203 aut
1011 3157 1059 3202 in
1099 3154 1376 3203 virtutibus.
1455 3152 1508 3199 In
1550 3165 1747 3214 corpore
1788 3159 1862 3201 est
1900 3154 2106 3202 obscura
2131 3155 2222 3202 Dei
2265 3153 2530 3203 similitudo

287 3235 335 3277 et
372 3218 750 3291 generalissima,
791 3229 927 3277 Deus
965 3243 1009 3276 n.
1042 3243 1215 3292 corpus
1253 3241 1350 3274 non
1388 3225 1549 3273 habet.
1611 3225 1782 3273 Potius
1821 3228 1867 3272 in
1909 3241 2107 3290 corpore
2145 3234 2316 3291 regnat
2353 3228 2528 3275 simili-

286 3301 404 3349 tudo
443 3302 608 3350 mundi
657 3302 736 3351 vel
775 3301 1073 3350 animalium.
1148 3302 1203 3349 In
1243 3298 1503 3348 virtutibus
1555 3303 1602 3346 et
1648 3298 1788 3346 bonis
1838 3297 2087 3348 habitibus
2135 3306 2183 3348 et
2227 3300 2526 3363 perfectione

286 3381 486 3423 naturae
541 3374 735 3437 quidem
783 3390 869 3438 per
917 3389 968 3423 se
1009 3382 1057 3423 et
1093 3375 1285 3438 proprie
1337 3372 1558 3420 consistit
1609 3370 1731 3419 haec
1777 3372 2067 3434 similitud0,
2119 3372 2525 3435 quemadmodum
2590 3368 2593 3369 ⁷

284 3447 417 3495 illam
456 3450 602 3496 etiam
638 3447 854 3510 theologi
893 3447 1224 3508 considerant3
1264 3443 1349 3494 sed
1387 3458 1485 3491 non
1525 3446 1596 3492 est
1634 3444 1848 3505 dubium,
1889 3447 2002 3507 quin
2043 3445 2211 3495 eadem
2240 3447 2330 3493 Dei
2358 3441 2541 3494 simili·'
2587 3509 2591 3511 λ

286 3520 401 3568 tudo
441 3522 653 3584 conspici
693 3527 838 3583 queat
877 3522 1022 3569 etiam
1060 3522 1109 3568 in
1148 3516 1487 3569 essentiali-bus
1525 3515 1839 3565 facultatibus
1889 3520 2060 3579 animi,
2112 3533 2219 3567 cum
2259 3518 2407 3580 (Gen.
2452 3519 2523 3581 9.)

284 3592 430 3641 homo
478 3601 589 3657 post
639 3593 828 3656 lapsum
876 3596 1138 3643 etiamnum
1177 3593 1269 3641 Dei
1317 3592 1480 3653 imago
1532 3588 1733 3637 dicatur,
1809 3588 1895 3637 Est
1941 3593 2086 3653 igitur
2134 3592 2298 3654 imago
2340 3592 2431 3640 Dei
2470 3592 2518 3637 in

282 3666 510 3715 facultate
561 3669 825 3727 nutriente,
878 3668 1144 3726 sentiente,
1207 3670 1460 3724 movente,
1516 3661 1600 3710 sed
1652 3661 1810 3710 adhuc
1858 3664 2114 3726 ignobilior
2165 3670 2213 3712 et
2250 3665 2518 3712 communis

284 3740 454 3786 ceteris
506 3740 847 3787 animantibus
922 3739 1204 3801 Intelligens
1253 3745 1413 3785 autem
1460 3734 1666 3783 facultas
1715 3737 1902 3784 animae
1942 3737 2134 3785 duobus
2182 3743 2394 3784 constat:
2444 3738 2520 3783 in-

283 3811 480 3858 tellectu
508 3819 554 3860 et
582 3813 846 3860 voluntate.
899 3811 1087 3873 Itaque,
1127 3810 1257 3873 quod
1284 3809 1583 3857 voluntatem
1615 3807 1800 3869 attinet,
1842 3811 1966 3857 sicut
2004 3810 2138 3858 Deus
2177 3817 2249 3857 est
2286 3806 2519 3867 αὐτεξου·
2572 3806 2575 3809 ’

285 3901 405 3949 (noc,
460 3884 530 3933 sic
567 3883 808 3934 hominem
848 3884 1062 3934 condidit
1100 3898 1207 3933 cum
1246 3881 1475 3932 facultate
1514 3881 1684 3943 animi,
1725 3895 1851 3944 quae
1890 3882 2063 3931 dicitur
2099 3883 2386 3945 principium
2428 3894 2518 3931 vo·
2577 3921 2579 3923 .
