2652 4088
1047 160 1131 207 IV.
1160 160 1460 218 Astrologica.
2272 153 2379 212 339

123 310 270 361 etiam
309 309 484 360 modus
521 309 777 379 absurdus)
808 324 906 360 nec
933 311 979 358 in
1007 316 1182 361 natura
1204 317 1429 375 receptus
1457 314 1554 374 est3
1594 307 1731 358 nulla
1758 309 1884 358 enim
1913 313 1985 359 est
2023 307 2178 358 forma
2201 311 2379 369 motus,

123 397 250 446 quae
292 389 356 432 12
395 385 536 434 anuis
573 384 639 436 ad
670 384 898 448 planetas
940 384 1120 446 volvit,
1170 385 1461 435 directiones
1511 398 1627 434 vero
1676 382 1738 432 ad
1776 388 1962 433 motum
2014 382 2236 432 diurnum
2270 395 2381 432 sese

115 457 508 508 accommodant.

913 533 1196 580 Nativitas
1234 545 1339 581 seu
1374 533 1579 581 Radix,

294 617 442 667 Nulla
478 618 559 667 hic
596 617 882 668 adulatione
923 632 1045 682 opus
1083 625 1174 668 est.
1251 619 1443 667 Causae
1482 616 1850 679 significatrices
1898 621 2062 666 tantae
2109 616 2382 680 maJesta‘tis

121 705 230 739 cum
269 706 458 740 summa
495 693 798 751 auctoritate,
837 693 1024 741 invicta
1060 692 1411 755 potentissimis
1437 692 1678 751 hostibuS,
1718 691 1912 740 fortuna
1952 697 2000 740 et
2025 691 2197 740 robore
2237 689 2382 739 simul

122 766 336 827 corporis
375 771 422 813 et
460 766 644 827 ingenii
685 766 999 828 conjunctae,
1042 765 1229 826 harum,
1269 768 1483 828 inquam,
1526 779 1703 812 causae
1742 770 1855 812 sunt
1894 764 2169 825 evidenteS,
2211 763 2380 827 quales

122 839 169 884 in
210 836 358 884 ullius
396 836 695 886 Monarchae
730 841 900 901 genesi
949 841 1132 901 sperari
1180 845 1402 903 possunt.
1485 832 1538 905 1)
1577 837 1812 885 Planetae
1862 828 2029 886 o'mnes
2068 840 2382 886 circumstant

119 910 436 962 horizontem.
514 913 570 973 2)
612 908 682 977 Q)
723 919 771 960 et
807 908 877 978 Q
915 914 1110 974 gemino
1160 920 1363 974 uterque
1403 911 1633 959 satellitio
1680 912 1946 973 stipantur3
1998 906 2066 976 Q
2108 913 2254 960 etiam
2293 925 2379 959 ac-

119 990 285 1032 curate
322 978 359 1047 ῒ)
402 983 508 1045 Δ,
553 983 616 1046 Θ
658 991 828 1033 contra
882 985 1026 1034 domo
1067 986 1181 1036 VII.
1233 983 1432 1047 gaudet.
1512 984 1567 1045 3)
1608 982 1705 1031 Sex
1755 983 1986 1046 planetae
2039 986 2088 1030 in
2140 983 2380 1032 altissima

118 1056 307 1105 zodiaci
343 1064 482 1119 parte
509 1061 557 1105 et
582 1071 759 1106 occasu
799 1060 988 1108 aestivo
1028 1059 1396 1122 amplitudinem
1436 1058 1543 1119 ipso
1572 1062 1679 1105 ortu
1708 1063 1754 1104 et
1782 1070 1957 1105 occasu
1984 1071 2100 1119 prae
2125 1072 2177 1106 se
2206 1058 2378 1107 ferunt.

117 1129 250 1178 Inter
289 1143 373 1179 eos
411 1126 480 1196 Q
506 1135 739 1192 tanquam
777 1133 947 1194 regina
984 1133 1033 1178 in
1071 1134 1179 1195 ipso
1217 1146 1342 1194 pene
1370 1130 1564 1180 cardine
1588 1129 1786 1178 solstitii
1823 1131 2015 1178 aestivi.
2065 1129 2191 1179 Nam
2219 1129 2378 1178 domi-

118 1205 253 1251 nium
290 1202 461 1252 Lunae
512 1205 561 1250 iu
602 1204 865 1265 Cancrum,
918 1204 1048 1254 Solis
1098 1208 1147 1253 in
1187 1205 1426 1265 Leonem,
1479 1205 1621 1266 signa
1658 1217 1773 1264 sua,
1827 1218 1918 1265 ego
1967 1218 2053 1266 per
2091 1218 2198 1253 sese
2237 1204 2379 1266 parvi

119 1276 345 1337 facerem,
385 1277 479 1325 nisi
518 1276 641 1326 haec
674 1277 778 1340 jam
817 1283 1195 1327 commemorata
1234 1293 1332 1326 una
1370 1277 1613 1327 adessent.
1694 1274 1744 1342 4)
1785 1275 1944 1325 Locus
1991 1276 2141 1338 coeli,
2192 1278 2242 1323 in
2281 1290 2378 1339 quo

120 1349 320 1399 haerent
370 1365 456 1398 sex
494 1350 747 1412 planetae,
801 1351 1104 1412 clarissimis,
1155 1353 1379 1400 maximis
1416 1350 1849 1414 pulcherrimisque
1889 1350 1997 1398 fixis
2037 1357 2110 1398 est
2149 1351 2379 1410 consituS‚

122 1425 200 1472 cui
247 1422 423 1472 similis
470 1423 592 1472 alter
629 1425 677 1471 in
729 1430 833 1472 toto
884 1424 1020 1474 coelo
1059 1439 1156 1474 non
1195 1426 1447 1488 reperitur,
1522 1423 1778 1472 Proximus
1827 1429 1989 1473 tamen
2027 1422 2098 1470 illi
2137 1425 2186 1470 in
2225 1423 2380 1472 sidere

121 1495 311 1559 Scorpii
350 1503 398 1545 et
436 1496 657 1546 Coronae
695 1496 819 1546 coeli
875 1495 1087 1547 medium
1126 1500 1174 1546 in
1214 1499 1306 1547 hac
1357 1500 1525 1561 genesi
1565 1499 1841 1560 occupavit,
1922 1497 1976 1560 5)
2017 1495 2235 1559 Accedit,
2277 1497 2381 1545 sine

121 1584 219 1632 quo
259 1575 420 1619 cetera
445 1573 608 1619 omnia
632 1570 865 1633 languere
892 1574 1095 1634 possint,
1135 1572 1274 1621 locus
1300 1569 1369 1638 O
1397 1574 1445 1619 in
1477 1569 1533 1621 5⁰
1557 1566 1642 1640 (Q,
1685 1572 1810 1619 circa
1838 1571 1976 1633 cujus
2017 1569 2226 1619 confinia
2253 1560 2380 1619 anno

125 1648 260 1692 1563
289 1644 380 1692 fuit
405 1656 466 1700 0²
502 1658 679 1705 magna
703 1639 739 1708 l')
772 1651 820 1693 et
851 1641 904 1712 Ἡ
955 1651 1003 1695 et
1029 1660 1157 1694 anno
1191 1651 1325 1695 1623
1368 1651 1595 1694 recurret.
1660 1644 1833 1706 Itaque
1872 1659 2030 1693 rerum
2058 1644 2203 1706 hujus
2230 1641 2383 1692 seculi

121 1709 339 1778 summa,
375 1723 433 1766 ut
470 1733 499 1766 a
538 1719 729 1780 trigono
768 1720 938 1781 igne0,
979 1733 1046 1769 sc.
1085 1719 1162 1768 his
1200 1715 1237 1786 Β
1266 1725 1312 1768 et
1345 1715 1403 1786 Ἡ.
1449 1718 1889 1781 conjunctionibus,
1930 1719 2000 1766 sic
2038 1718 2099 1766 ab
2127 1718 2220 1766 hac
2255 1730 2382 1780 quo-

121 1804 217 1852 que
253 1802 464 1855 persona
498 1796 628 1839 stare
669 1791 851 1843 debuit.

30 1911 36 1918 ,
297 1862 444 1927 Quod
480 1870 644 1913 autem
683 1864 746 1914 ad
785 1880 1027 1913 summum
1053 1864 1364 1928 splendorem
1401 1865 1570 1928 aliqua
1610 1864 1778 1914 deesse
1806 1864 2048 1925 videntur,
2091 1877 2265 1913 causas
2291 1862 2382 1911 has

39 1994 42 1997 ¹
124 1937 303 1986 affero:
346 1932 396 2004 1)
433 1939 698 2001 praeterita
737 1945 785 1987 et
823 1940 1046 1987 absentia
1085 1938 1453 2002 amplificamus,
1494 1940 1771 2002 praesentia
1798 1945 2133 1999 extenuamuS,
2175 1938 2231 1999 2)
2272 1938 2383 2000 qui-

121 2009 243 2059 libet
281 2016 355 2059 est
392 2025 511 2059 suae
549 2012 771 2060 fortunae
809 2012 961 2073 faber,
1002 2018 1050 2062 et
1088 2014 1169 2075 qui
1209 2012 1406 2061 laudem
1446 2027 1504 2061 ex
1543 2011 1852 2072 liberalitate,
1895 2011 2168 2071 clementia,
2209 2012 2384 2074 aequi-

122 2089 223 2133 tate
263 2090 443 2148 captat,
478 2084 591 2147 jura
629 2085 901 2148 majestatis
939 2085 1170 2150 negligit3
1213 2085 1265 2148 3)
1304 2100 1401 2134 non
1442 2086 1768 2150 configuratur
1813 2081 1872 2153 21.
1917 2081 1954 2150 Γ)
1994 2099 2084 2134 nec
2123 2080 2184 2152 Q.

1024 2206 1108 2252 De
1145 2205 1487 2262 praeteritis.

296 2289 687 2339 Delectationem
725 2290 814 2339 abs
853 2296 900 2339 te
941 2291 1109 2352 quaeri
1147 2306 1206 2340 ex
1243 2289 1525 2354 hujusmodi
1559 2289 1773 2353 judiciis,
1814 2290 1935 2338 nihil
1961 2294 2227 2353 praeterea,
2267 2291 2393 2339 satis

124 2370 345 2427 apparet.
421 2363 484 2411 Et
521 2363 833 2426 dignissimus
873 2379 925 2413 es
965 2379 1111 2426 quam
1149 2364 1504 2414 honestissimis
1535 2364 1883 2427 voluptatibuS,
1925 2366 2008 2426 qui
2047 2366 2138 2413 toti
2174 2365 2385 2427 posteri-

28 2440 31 2479 ἰ
123 2438 213 2485 tati
260 2435 319 2485 de
367 2439 666 2486 recreatione
716 2437 809 2486 hac
861 2437 1168 2487 divinissima
1219 2453 1338 2488 sane
1387 2452 1495 2486 cum
1543 2437 1708 2500 aliquo
1769 2443 1931 2486 sumtu
1979 2443 2079 2486 tam
2132 2436 2390 2500 diligenter

31 2519 34 2551 ν
124 2511 379 2574 prospicis.
457 2508 847 2560 Oblectationem
887 2526 1019 2572 vero,
1063 2526 1189 2574 quae
1230 2527 1288 2561 ex
1328 2512 1595 2560 futurorum
1637 2511 1974 2574 designatione
2012 2512 2221 2575 petitur,
2278 2524 2387 2559 cum

35 2617 37 2652 1
91 2597 317 2646 ’semper
353 2583 521 2646 aliqua
558 2590 716 2634 metus
755 2586 966 2648 vestigia
1003 2585 1305 2647 obnubilent,
1345 2590 1482 2634 tanto
1522 2587 1680 2633 minus
1720 2585 1838 2632 mihi
1875 2583 2013 2634 locus
2040 2585 2119 2633 hic
2158 2584 2216 2634 de
2241 2598 2387 2647 prae-

38 2695 39 2698 *
128 2659 282 2706 teritis
320 2657 411 2705 fuit
447 2657 819 2722 relinquendus,
858 2665 914 2708 ut
953 2661 1036 2721 qui
1075 2661 1310 2708 sinceram
1350 2659 1553 2722 praebet
1590 2659 1908 2721 voluptatem.
1988 2658 2085 2708 Sed
2127 2663 2174 2707 et
2210 2672 2386 2707 neces-

40 2749 42 2763 =
129 2732 259 2780 saria
297 2735 372 2779 est
407 2730 530 2780 haec
566 2734 818 2794 inquisitio
857 2731 922 2781 ad
960 2734 1386 2795 investigationem
1426 2731 1608 2795 gradus
1649 2733 1861 2784 orientis.

43 2816 47 2866 ε
78 2819 103 2882 ‚e

300 2804 378 2853 De
417 2803 762 2855 directionibus
800 2812 979 2867 tamen,
1021 2820 1117 2869 quo
1145 2808 1464 2856 instrumento
1491 2806 1554 2855 ad
1592 2805 1719 2854 hanc
1757 2821 1858 2855 rem
1885 2803 2135 2865 utendum,
2177 2804 2386 2867 amplius

46 2894 49 2923 z
129 2876 449 2940 praefandum
487 2885 575 2940 est,
617 2879 747 2942 quod
786 2881 988 2927 mixtam
1026 2880 1270 2942 quandam
1310 2882 1548 2928 rationem
1586 2894 1764 2942 sequar
1804 2894 1860 2928 ex
1898 2881 1986 2940 iis,
2038 2893 2164 2940 quae
2201 2892 2384 2941 nuper-

130 2951 247 2999 rime
285 2950 456 3014 Tycho
508 2958 557 3000 et
596 2968 721 3015 quae
759 2952 1179 3015 Regiomontanus
1229 2960 1277 3002 et
1316 2969 1441 3016 quae
1480 2959 1670 3002 veteres
1710 2953 1904 3001 diversa
1950 2951 2205 3000 tradidere.
2279 2951 2386 2999 Nisi

131 3025 257 3073 enim
296 3026 367 3072 sic
405 3027 652 3087 misceam,
694 3025 985 3076 directiones
1024 3026 1087 3075 ad
1125 3026 1324 3075 modum
1365 3041 1542 3077 causae
1581 3027 1818 3074 naturalis
1844 3026 2016 3074 referre
2044 3039 2140 3073 non
2168 3037 2384 3087 possum.

301 3097 481 3147 Modus
520 3113 699 3148 causae
737 3100 971 3149 naturalis
1010 3100 1089 3148 hic
1128 3106 1217 3151 est.
1292 3100 1402 3148 Non
1446 3100 1641 3148 Saturni
1692 3099 1969 3148 tricennalis
2007 3097 2221 3146 Jovisve
2262 3097 2386 3146 duo-

131 3168 406 3220 deceunalis
442 3172 670 3235 periodus
709 3175 861 3222 vitam
887 3180 1102 3222 nostram
1130 3174 1416 3235 gubernant,
1457 3171 1543 3221 sed
1582 3172 1711 3221 Solis
1751 3187 1914 3220 annua
1950 3171 2170 3233 coelique
2198 3171 2384 3233 diurna,

131 3256 333 3306 quarum
372 3243 456 3294 illa
494 3251 708 3295 aestates
748 3253 796 3296 et
832 3261 1031 3308 messes,
1072 3246 1195 3294 haec
1233 3253 1441 3305 noctem,
1483 3247 1695 3307 quietem
1736 3246 2195 3307 concoctionemque
2235 3244 2383 3294 redu-

131 3323 258 3377 cunt,
297 3319 401 3367 sine
440 3319 618 3380 quibus
656 3320 808 3367 vitam
849 3320 1023 3368 ducere
1061 3332 1158 3367 non
1196 3331 1471 3381 possumus.
1536 3318 1792 3380 Proportio
1820 3331 1934 3380 ergo
1962 3317 2057 3366 dici
2085 3317 2146 3366 ad
2187 3331 2382 3379 annum,

67 3419 69 3438 η
129 3393 377 3454 proportio
421 3396 445 3439 1
488 3389 553 3440 ad
593 3393 720 3453 365,
774 3392 898 3441 haec
936 3391 1021 3439 illa
1061 3398 1153 3451 est,
1207 3405 1332 3453 quae
1384 3392 1431 3437 in
1475 3391 1624 3438 vitam
1676 3397 1891 3439 nostram
1938 3396 2012 3439 est
2059 3390 2246 3440 efficax.
2324 3391 2386 3440 Et

70 3478 71 3482 ¹
132 3460 235 3512 dies
274 3463 469 3526 quidem
518 3465 681 3526 imago
737 3471 811 3512 est
862 3465 1085 3524 aestatis,
1114 3460 1234 3511 ‘nox
1284 3463 1478 3524 hiemis,
1532 3466 1647 3525 qnia
1707 3462 1835 3525 quod
1886 3478 1981 3511 una
2031 3463 2107 3513 die
2145 3469 2384 3527 nocteque

88 3577 91 3579 .
129 3534 367 3595 volvitur,
408 3534 494 3585 Sol
529 3550 660 3584 anno
698 3550 795 3584 uno
834 3536 1064 3584 absolvit.
1118 3535 1196 3583 Ad
1223 3536 1427 3584 eundem
1467 3535 1611 3598 plane
1650 3535 1849 3584 modum
1898 3542 2090 3600 tempus
2129 3537 2384 3601 quodcun-

76 3656 78 3658 ,
132 3620 242 3671 que,
284 3609 422 3670 cujus
463 3610 510 3654 iu
550 3614 731 3670 puncto
769 3610 1040 3657 nativitatis
1080 3615 1153 3656 est
1191 3610 1504 3672 principium,
1547 3614 1595 3657 ct
1619 3615 1779 3657 motus
1821 3610 2097 3672 quicunque
2134 3625 2232 3660 non
2272 3617 2385 3660 tan-

80 3706 82 3711 =
132 3683 234 3729 mm
273 3684 375 3744 agit
413 3680 472 3729 de
509 3683 770 3743 praesenti,
811 3695 868 3730 eo
906 3695 973 3731 sc.
1014 3686 1141 3742 actu,
1182 3696 1290 3729 cum
1328 3696 1558 3745 praesens
1598 3687 1686 3743 est,
1726 3682 1813 3731 scd
1850 3682 2257 3747 significationem
2296 3700 2383 3734 ex-

83 3767 86 3796 t
131 3754 288 3803 tendit
324 3755 373 3801 in
412 3756 724 3817 proportione
763 3753 973 3803 naturali
1022 3768 1109 3817 per
1147 3757 1308 3818 spatia
1348 3759 1450 3805 365
1493 3755 1586 3803 sibi
1625 3756 1868 3818 aequalia.
1946 3757 2023 3806 Ita
2062 3757 2164 3807 dies
2203 3773 2383 3808 annum

128 3825 389 3890 fignificat,
431 3826 630 3876 biduum
668 3827 932 3888 biennium,
973 3832 1022 3876 et
1061 3829 1143 3891 qui
1182 3830 1270 3878 tibi
1308 3830 1580 3879 tricesimus
1619 3827 1723 3878 dies
1761 3828 1936 3893 illuxit,
1976 3831 2380 3894 significationem

89 3915 94 3934 ³
133 3893 304 3957 habuit
339 3901 456 3951 anni
493 3914 581 3951 seu
604 3900 796 3951 >natalia
834 3902 1079 3951 tricesimi.

1946 3972 2035 4019 22·
