2652 4088
329 205 437 264 290
463 173 466 180 Ι
920 201 1207 249 collectanea
1236 213 1294 247 ex
1323 201 1556 282 codicibus
1585 201 1979 249 Pulkoviensibus.

326 352 540 404 medium
587 351 712 398 inter
761 349 967 399 caudam
1005 348 1159 400 Ursae
1211 350 1410 412 majoris
1456 364 1752 413 manumque
1789 350 1962 399 Bootis
2012 350 2063 398 in
2100 349 2384 403 meridiano.
2460 350 2568 414 Quo

325 428 453 475 facto
492 422 699 472 circulus
740 438 771 472 a
807 423 990 484 zenith,
1038 422 1170 486 quod
1211 423 1315 486 jam
1360 421 1529 488 polum
1565 422 1733 472 mundi
1772 423 1902 470 illius
1943 424 2170 487 temporis
2225 431 2572 488 repraesentat,

329 498 567 548 demissus
605 510 690 560 per
727 495 892 559 polum
933 495 1202 560 eclipticam,
1243 497 1328 558 qui
1364 495 1492 545 idem
1530 498 1747 559 proxime
1775 501 1847 544 est
1885 494 2031 544 hodie
2059 501 2108 544 et
2135 495 2264 557 olim,
2303 510 2401 545 non
2426 496 2573 546 valde

327 571 518 621 aberrat
569 571 632 618 ab
669 567 914 618 hodiernis
962 570 1154 632 punctis
1205 570 1404 632 tropicis
1443 570 1492 616 in
1531 569 1901 632 consequentia,
1962 582 2117 631 eoque
2156 570 2351 618 nomine
2390 565 2572 619 vitiosa

330 650 404 694 est
440 643 563 691 haec
589 640 959 704 aequinoctialis
988 641 1275 702 delineatIO,
1316 641 1485 690 debuit
1523 643 1650 690 enim
1689 643 2077 705 appropinquare
2117 641 2322 690 circulus
2360 643 2451 691 iste
2487 641 2572 689 fini

329 716 502 766 Cancri
540 720 587 763 et
627 713 907 778 Capricorni
943 713 1182 763 hodierni.
1244 713 1392 780 (Vide
1429 728 1491 762 an
1528 713 1651 763 haec
1689 714 1832 762 fuerit
1870 728 2031 774 causa,
2075 729 2157 763 cur
2195 714 2366 763 dixerit
2406 720 2573 779 poste-

326 791 505 839 riorum
543 787 737 850 aliquis‚
776 793 956 851 puncta
992 802 1109 836 vera
1146 789 1333 851 tropica
1372 801 1477 836 esse
1503 788 1554 834 in
1581 788 1768 836 octavis
1806 787 2023 850 partibus
2050 788 2299 850 signorum
2323 787 2574 852 sphaerae,

326 878 356 913 a
392 861 588 925 tropicis
624 858 960 926 inceptorum.)
1035 860 1185 908 Porro
1225 859 1338 909 illae
1378 866 1406 910 3
1448 859 1620 909 stellae
1660 874 1748 909 seu
1785 860 1949 923 potius
1986 861 2203 909 membra
2241 860 2575 910 constellatio-

327 949 467 996 num,
520 933 697 996 quibus
736 932 953 995 Scaliger
991 935 1060 981 ait
1100 933 1307 982 describi
1344 939 1658 996 aequatorem
1694 932 1885 980 Eudoxi
1922 933 2028 995 (fol
2071 933 2186 996 45),
2241 932 2468 982 videntur
2515 934 2576 983 ab

328 1006 648 1057 Eratosthene
688 1021 713 1055 e
749 1005 1044 1081 reliquorum
1095 1020 1294 1055 numero
1344 1006 1553 1069 rejectae
1601 1011 1649 1054 et
1693 1005 1837 1053 titulo
1877 1005 2068 1054 Eudoxi
2119 1008 2318 1054 seorsim
2369 1008 2574 1070 positae,

329 1086 384 1130 ut
433 1094 559 1143 quae
611 1077 907 1140 exorbitent,
960 1069 1075 1142 quia
1125 1078 1204 1128 hic
1252 1079 1586 1128 Eratosthenis
1637 1079 2013 1140 aequinoctialis
2063 1080 2239 1128 transit
2287 1080 2433 1142 longe
2486 1080 2576 1128 sub

329 1153 539 1218 Aquilae
574 1151 666 1213 ala,
709 1166 774 1201 sc.
814 1166 900 1216 per
926 1151 1208 1213 Antinoum,
1248 1152 1394 1215 longe
1431 1153 1523 1200 sub
1548 1150 1674 1236 Equi
1699 1153 1895 1211 femore,
1935 1166 2001 1200 sc.
2029 1167 2114 1215 per
2141 1157 2358 1216 caputet
2384 1152 2577 1214 collum,

330 1228 474 1291 longe
513 1226 605 1274 sub
644 1225 828 1274 boreali
867 1224 1023 1286 Pisce,
1063 1239 1130 1278 sc.
1169 1240 1253 1289 per
1294 1226 1398 1287 ejus
1437 1225 1664 1287 imaginis
1704 1224 1925 1274 caudam.

502 1298 555 1348 Si
588 1298 692 1360 jam
730 1300 877 1347 etiam
914 1300 1152 1362 tropicum
1191 1298 1380 1360 Cancri,
1422 1313 1566 1361 quem
1604 1297 1744 1345 titulo
1783 1297 1974 1345 Eudoxi
2000 1295 2220 1359 Scaliger
2259 1296 2470 1358 exhibet,
2513 1297 2577 1346 ad

331 1370 528 1422 easdem
573 1371 709 1434 leges
756 1370 1040 1435 expenderis
1092 1377 1138 1420 et
1193 1378 1321 1420 creta
1371 1372 1536 1435 signes
1585 1370 1783 1419 ductum
1831 1371 1996 1420 circuli
2042 1371 2240 1419 minoris
2288 1385 2375 1435 per
2419 1369 2580 1420 media
2650 1412 2652 1414 ,

334 1446 507 1494 Cancri
546 1450 593 1493 et
631 1444 812 1493 Leonis
850 1445 900 1491 in
938 1444 1306 1507 longitudinem,
1345 1459 1430 1509 per
1471 1445 1753 1508 „superiora
1792 1443 2022 1507 Virginis,
2065 1443 2299 1493 cervicem
2340 1445 2579 1507 serpentis
2636 1462 2652 1485 ’-

333 1516 592 1583 Ophiuchi,
633 1517 850 1566 dextram
890 1533 1087 1566 manum
1112 1518 1398 1580 Ingeniculi,
1439 1524 1585 1581 caput
1612 1515 1871 1581 Ophiuchi,
1914 1516 2090 1566 collum
2130 1523 2178 1566 et
2206 1515 2422 1565 dextram
2453 1516 2580 1565 alam
2642 1525 2652 1589 J¹

331 1591 470 1652 Avis,
495 1589 726 1653 ungulam
744 1591 884 1654 Equi,
914 1590 1130 1639 dextram
1157 1606 1352 1639 manum
1381 1589 1735 1651 Andromedae,
1758 1591 2001 1639 sinistram
2027 1604 2187 1638 suram
2213 1588 2394 1650 Persei,
2423 1604 2581 1653 genua
2634 1614 2652 1656 ζ

333 1663 575 1713 Heniochi
615 1669 663 1712 et
701 1665 864 1727 capita
905 1661 1278 1725 Geminorum“,
1329 1679 1396 1714 sc.
1443 1679 1527 1728 per
1563 1665 1799 1727 imagines
1836 1664 2007 1712 horum
2052 1663 2401 1721 membrorum,
2455 1677 2580 1726 quae
2637 1681 2649 1730 ζ

330 1737 515 1786 habent
554 1735 770 1798 aliquam
809 1735 1144 1785 latitudinem:
1195 1738 1415 1785 invenies
1454 1738 1649 1785 omnino
1688 1735 1974 1799 parallelum
2013 1735 2140 1784 hunc
2180 1735 2378 1784 ductum
2417 1736 2582 1785 ductui
2630 1739 2639 1778 Τ

332 1812 496 1873 priori.
573 1808 710 1857 Idem
752 1809 898 1858 etiam
939 1809 999 1858 de
1038 1809 1218 1858 circulo
1258 1812 1435 1858 arctico
1474 1809 1762 1868 tenendum,
1813 1809 1943 1871 quod
1983 1812 2175 1858 omnino
2215 1809 2421 1858 circulus
2461 1808 2582 1858 duc·
2623 1821 2652 1866 μ’..

335 1889 414 1932 tus
452 1897 539 1946 per
581 1881 866 1945 „humerum
903 1882 1090 1942 Bootis,
1130 1897 1215 1945 per
1253 1884 1502 1945 superiora
1541 1882 1761 1932 Coronae
1799 1882 1867 1948 (id
1908 1890 1981 1931 est
2018 1897 2102 1944 per
2140 1883 2264 1940 loca,
2305 1897 2430 1944 quae
2471 1886 2582 1930 sunt

336 1970 483 2019 supra
522 1954 800 2019 Coronam),
843 1955 1128 2005 intermedio
1167 1962 1323 2004 tractu
1364 1958 1485 2004 inter
1523 1961 1671 2019 caput
1707 1955 1947 2004 Draconis
1983 1970 2131 2018 supra
2169 1962 2218 2003 et
2254 1956 2378 2003 inter
2404 1956 2580 2020 Lyram

338 2035 386 2078 et
423 2027 552 2077 alam
590 2027 747 2092 Cygni
786 2028 907 2077 infra
947 2028 1038 2092 (sic
1075 2030 1202 2077 enim
1242 2027 1558 2092 intelligenda
1594 2034 1707 2077 sunt
1744 2030 1859 2077 ista:
1904 2035 2083 2091 „caput
2118 2028 2380 2089 DraconiS,
2432 2042 2579 2091 supe·
2623 2024 2652 2090 ,⁹

336 2104 464 2151 riora
491 2101 647 2166 Lyrae
682 2108 729 2150 et
754 2100 861 2150 alae
891 2100 1088 2151 dextrae
1117 2099 1331 2167 Alitis“),
1373 2109 1421 2150 et
1457 2102 1665 2164 denique
1703 2116 1788 2164 per
1815 2103 2041 2150 viciniam
2067 2101 2239 2165 prioris
2266 2101 2403 2165 pedis
2429 2100 2580 2150 Ursae
2614 2099 2646 2169 ,3-

336 2175 587 2237 majoris“,
627 2175 698 2223 sic
736 2180 790 2222 ut
825 2192 888 2223 τα
925 2172 1212 2238 ἐπικειμενα,
1252 2189 1349 2223 non
1386 2193 1448 2224 τα
1485 2171 1768 2237 ὖποκειμενα
1806 2174 2047 2237 legamuS,
2085 2180 2172 2223 aut
2209 2181 2262 2222 ut
2299 2174 2577 2236 sabaudiae,

335 2249 486 2312 pedes
511 2245 666 2296 Ursae
693 2261 800 2296 esse
838 2248 962 2296 inter
998 2267 1060 2296 τα
1088 2244 1373 2310 ὗποκειμενα
1398 2266 1554 2312 τουτῳ
1590 2251 1773 2312 κυκλῳ,
1815 2248 1945 2311 quod
1984 2249 2062 2297 hic
2101 2247 2322 2310 circulus,
2364 2249 2580 2314 inquam,

334 2324 398 2370 sit
436 2320 638 2383 reliquis
677 2319 868 2369 duobus
907 2320 1188 2383 parallelus

506 2394 658 2442 Porro
709 2393 787 2444 hic
845 2393 981 2442 lubet
1037 2392 1288 2457 deplorare
1336 2393 1719 2443 imbecillitatem
1773 2391 2032 2455 Scaligeri,
2099 2395 2183 2456 qui
2230 2408 2338 2443 cum
2388 2395 2484 2441 ista
2522 2406 2633 2442 ex

337 2468 629 2530 antiquitate
667 2467 887 2527 eruisset,
924 2478 1023 2515 non
1062 2472 1222 2516 tamen
1262 2466 1399 2529 vidit,
1439 2468 1529 2514 hos
1570 2474 1664 2515 tres
1692 2465 1897 2514 circulos
1922 2465 2182 2528 parallelos
2223 2468 2418 2516 omnino
2458 2480 2580 2515 nan·

339 2542 455 2590 cisci
494 2539 695 2602 polum,
711 2538 811 2611 qui
838 2540 1029 2589 vicinus
1067 2541 1132 2589 sit
1170 2540 1359 2588 duabus
1399 2538 1540 2589 claris
1579 2542 1627 2586 in
1667 2538 1994 2601 quadrilatero
2034 2538 2188 2589 Ursae
2238 2541 2461 2600 minoris,
2510 2540 2582 2588 sic

337 2620 392 2661 ut
429 2619 561 2661 recta
598 2624 684 2674 per
719 2600 831 2660 illas
878 2611 1025 2661 ducta
1075 2615 1293 2675 proxime
1348 2614 1564 2675 attigerit
1613 2611 1778 2675 polum
1821 2618 1869 2660 et
1906 2614 1976 2660 sic
2013 2613 2116 2675 poli
2163 2613 2308 2676 hujus
2359 2610 2607 2675 respectu‘

338 2700 438 2734 non
475 2685 590 2733 illae
628 2686 679 2731 in
719 2683 890 2746 cauda,
929 2685 1015 2734 sed
1054 2687 1176 2734 istae
1213 2687 1378 2748 potius
1406 2686 1591 2747 Vigiles
1618 2683 1940 2747 appellandae
1978 2688 2075 2734 sint
2114 2693 2162 2735 et
2186 2704 2426 2751 χορευται,
2467 2686 2578 2748 quia

338 2758 665 2809 vicinissimae
704 2757 870 2820 polum
909 2759 1182 2807 transibant
1219 2765 1267 2807 et
1306 2758 1510 2807 circulos
1549 2760 1742 2806 omnino
1781 2759 1990 2806 minores
2029 2758 2394 2821 describebant,
2435 2770 2578 2821 quam
2650 2766 2652 2770 ’

339 2831 512 2880 ultima
553 2829 751 2891 caudae,
793 2829 925 2894 quod
963 2845 1110 2894 supra
1146 2830 1363 2894 Scaliger
1399 2837 1652 2894 tantopere
1691 2830 1915 2893 explosit.

511 2903 651 2966 Ipsas
691 2902 885 2965 quidem
935 2907 1032 2952 tres
1070 2903 1261 2965 stellaS,
1312 2902 1371 2952 de
1422 2905 1599 2966 quibus
1638 2903 1854 2967 Pytheas
1892 2903 2245 2965 MassiliensiS,
2297 2918 2423 2966 quae
2472 2915 2576 2952 cum

340 2976 452 3042 polo
492 2975 622 3024 illius
659 2977 889 3038 temporis
929 2975 1215 3038 quadratam
1253 2977 1469 3039 proxime
1508 2975 1714 3038 figuram
1750 2978 2124 3038 constituebant,
2164 2978 2278 3026 licet
2302 2977 2463 3025 adhuc
2488 2975 2578 3024 ho·.
2635 3025 2639 3029 Α

343 3050 419 3099 die
446 3063 692 3112 quaerere.
754 3049 892 3097 Duas
931 3050 1057 3097 enim
1082 3048 1246 3098 retulit
1270 3048 1490 3098 Braheus
1527 3051 1576 3095 in
1613 3049 1902 3113 catalogum,
1932 3051 2180 3099 clariorem
2208 3053 2255 3097 in
2284 3048 2341 3099 2⁰
2371 3046 2472 3099 54“
2494 3043 2576 3119 (Ω,

341 3123 426 3173 lat
468 3123 561 3171 710
598 3124 700 3183 23¹,
739 3122 943 3170 alteram
980 3123 1028 3169 in
1070 3119 1163 3171 27⁰
1190 3124 1276 3170 20‘
1305 3118 1397 3187 ὓ,
1436 3121 1522 3170 lat
1564 3121 1655 3170 70⁰
1686 3120 1768 3172 18¹
1809 3128 1892 3172 aut
1931 3138 1989 3172 eo
2028 3125 2201 3174 minus.
2266 3123 2431 3172 Tertia
2468 3122 2587 3185 qui&

343 3195 451 3244 dem
491 3209 633 3257 aegre
674 3196 901 3255 cernitur,
941 3194 1026 3243 sed
1064 3200 1226 3244 tamen
1261 3194 1501 3242 interdum
1540 3194 1665 3243 clare
1703 3198 1874 3256 micat,
1915 3197 1964 3243 in
2008 3195 2063 3244 7⁰
2104 3195 2150 3245 7‘
2176 3191 2262 3267 (ᾗ,
2302 3195 2390 3246 lat.
2422 3191 2575 3244 70⁰0.

341 3269 497 3331 Igitur
521 3269 564 3315 si
589 3267 681 3315 hae
707 3267 878 3317 stellae
907 3268 968 3316 ab
996 3267 1279 3330 Hipparcho
1306 3268 1466 3315 bene'
1453 3282 1502 3314 1n
1526 3267 1726 3330 globum
1752 3269 2020 3318 collocatae
2047 3277 2269 3332 respectu
2296 3273 2573 3334 ceterarum,

343 3341 637 3403 oportuisset
675 3345 727 3388 ut
764 3347 1022 3403 punctum,
1064 3343 1112 3387 in
1153 3355 1248 3403 quo
1287 3346 1402 3388 tunc
1438 3340 1597 3402 poluS,
1638 3347 1766 3391 esset
1804 3344 1854 3389 in
1890 3342 2124 3391 hodierno
2167 3338 2226 3390 0⁰
2252 3337 2324 3412 δῖ
2361 3346 2446 3391 aut
2483 3339 2573 3388 finc

346 3411 430 3480 ὓ,
468 3414 552 3462 lat.
584 3410 675 3461 670
701 3413 781 3462 vel
809 3409 918 3462 680.
983 3413 1046 3460 Et
1084 3414 1320 3462 consentit
1344 3412 1671 3475 mediocriter,
1712 3415 1844 3478 quod
1880 3416 2051 3464 ultima
2089 3415 2373 3479 Cynosurae
2411 3413 2576 3462 dicitur

349 3484 441 3536 12⁰
467 3487 553 3535 24¹
590 3486 653 3534 ab
691 3485 822 3534 illius
860 3486 1090 3548 temporis
1127 3485 1241 3549 polo
1282 3486 1474 3534 distare.

518 3557 646 3607 Vide
696 3573 824 3607 nunc
861 3560 1019 3620 ipsam
1068 3560 1319 3607 veritatem
1364 3559 1578 3621 propius,
1654 3557 1843 3626 Primo,
1892 3562 2009 3623 quia
2044 3560 2135 3609 fuit
2173 3559 2405 3608 distantia
2440 3555 2577 3621 polo-

347 3646 450 3679 rum
476 3631 570 3681 230
598 3630 733 3698 5134,
772 3630 914 3694 polus
952 3645 1068 3679 vero
1107 3631 1357 3694 eclipticae
1393 3645 1480 3694 per
1508 3631 1593 3680 20‘
1631 3635 1839 3681 mutavit
1877 3633 2034 3694 sedeS,
2075 3632 2329 3682 discedens
2367 3647 2397 3680 a
2428 3626 2576 3679 stellis

350 3701 415 3768 ὓ
457 3709 503 3752 et
528 3699 600 3773 <Q
637 3710 686 3752 et
720 3706 791 3752 sic
829 3705 975 3753 etiam
1002 3719 1032 3752 a
1057 3705 1210 3752 stellis
1248 3700 1323 3751 his
1362 3710 1410 3752 et
1446 3704 1638 3766 punctis
1678 3702 1846 3767 Ursae,
1886 3705 1998 3754 ideo
2038 3705 2270 3754 distantia
2294 3694 2578 3768 polimundi

348 3777 478 3823 illius
526 3779 755 3839 temporis
795 3791 824 3824 a
860 3782 1040 3839 puncto
1086 3777 1340 3839 eclipticae
1390 3775 1623 3825 hodierno
1675 3776 1821 3827 debet
1874 3778 2021 3828 hodie
2069 3778 2262 3841 prodire
2313 3773 2407 3827 23⁰
2445 3771 2576 3840 313¹,

349 3846 433 3894 lat.
471 3849 617 3909 igitur
646 3848 738 3898 66⁰
765 3849 902 3907 281‘.
953 3848 1142 3898 Deinde
1176 3864 1206 3898 a
1232 3848 1518 3898 Timochare
1557 3847 1619 3897 ad
1657 3864 1837 3899 annum
1880 3856 2018 3900 1600
2057 3867 2144 3914 per
2170 3852 2428 3900 observata
2451 3846 2593 3908 Hip-1

350 3918 518 3983 parchi
552 3922 778 3985 certiora,
830 3921 1008 3973 collata
1057 3936 1166 3972 cum
1203 3921 1519 3986 Tychonicis,
1568 3920 1812 3987 colligitur
1859 3926 2134 3988 praecessio
2173 3921 2577 3989 aequinoctiorum
