2652 4088
318 191 406 248 86
1177 156 1447 234 Plutarchus
1478 183 1534 232 de
1563 185 1701 233 Facie

493 338 550 387 In
586 342 691 385 toto
730 339 846 385 vero
883 337 1111 386 universo
1150 336 1201 384 id
1240 335 1370 398 quod
1396 337 1570 384 melius
1597 338 1761 400 potius
1802 342 1875 386 est
1914 351 1986 398 e0,
2029 335 2159 399 quod
2200 342 2274 386 est
2312 350 2370 385 ex
2397 351 2570 386 neces-

322 415 481 463 sitate.
556 410 681 458 Nam
722 409 838 472 quid
876 412 918 458 si
956 411 1026 458 sic
1066 415 1396 457 consectemur
1434 411 1915 470 verisimilitudinem,
1958 412 2014 458 eir
2054 411 2115 456 iis
2154 411 2402 470 nimirum,
2442 425 2568 472 quae

322 487 415 549 ipsi
451 482 713 531 asserunt?
763 483 946 531 Dicunt
984 488 1146 530 autem
1183 488 1346 544 partes
1384 481 1591 530 aetheris
1629 483 1908 546 splendidas
1950 482 2143 545 quidem
2186 489 2231 531 et
2270 483 2474 530 subtiles
2510 484 2571 531 ob

320 560 566 606 raritatem
606 555 813 614 coelum,
854 554 1175 603 condensatas
1216 568 1330 601 vero
1370 560 1417 601 et
1455 562 1648 603 coactas
1688 559 1734 602 in
1775 563 2034 618 angustum
2074 561 2203 602 astra
2238 555 2391 602 factas
2432 569 2567 616 esse3

324 646 383 678 ex
420 629 553 675 hisce
591 641 706 675 vero
748 627 1107 675 imbecillimum
1147 627 1451 687 maximeque
1491 629 1820 676 turbulentum
1860 643 1964 676 esse
2004 628 2208 675 Lunam.
2286 628 2435 690 Atqui
2474 641 2570 675 non

322 709 483 750 tamen
522 699 632 748 ideo
671 705 974 762 segregatam
1013 700 1075 747 ab
1114 699 1309 747 aethere
1346 698 1512 747 videre
1561 700 1675 749 licet
1714 700 1928 761 Lunam,
1982 700 2067 748 sed
2106 700 2265 747 adhuc
2303 701 2455 748 multo
2496 703 2572 746 in-

322 776 545 822 teriorem
590 771 726 820 illam
767 774 1013 820 circumire
1050 771 1436 833 profundamque
1484 778 1531 820 et
1569 775 1833 835 spatiosam
1881 773 1971 821 sub
2012 789 2063 821 se
2103 772 2280 820 habere
2319 781 2572 821 ventorum

322 847 615 909 (regionem,
655 851 801 907 atque
838 845 886 891 in
926 844 1010 892 illa
1049 859 1156 892 cum
1195 843 1457 892 universali
1487 845 1620 893 coeli-
1646 847 1906 909 vertigine)
1946 848 2157 908 torqueri
2198 847 2343 893 etiam
2383 852 2574 893 comata

326 919 501 967 sidera.
578 916 714 966 Adeo
753 932 849 965 non
890 924 1060 965 coacta
1100 925 1146 965 et
1186 919 1326 979 quasi
1366 917 1617 966 obvallata
1654 925 1766 966 sunt
1801 921 2055 967 momentis
2094 920 2348 980 gravitatis
2376 924 2422 967 et
2447 918 2573 966 levi-

323 993 438 1041 tatis
480 1004 681 1053 corpora
718 989 926 1053 singula,
966 989 1052 1038 sed
1088 992 1274 1038 ratione
1313 989 1456 1052 longe
1496 990 1687 1038 diversa
1726 998 1837 1038 sunt
1877 995 2180 1041 concinnata.

493 1062 587 1112 His
628 1063 793 1128 dictis,
840 1077 948 1111 cum
988 1077 1078 1124 ego
1120 1062 1310 1111 Lucio
1360 1063 1548 1111 dicendi
1588 1070 1749 1125 partes
1789 1063 1977 1125 darem,
2028 1072 2081 1112 ut
2120 1066 2202 1126 qui
2253 1062 2315 1112 ad
2366 1062 2568 1112 demon-

323 1138 582 1186 strationes
619 1138 885 1185 sententiae
934 1136 1220 1198 pergebam,
1273 1135 1667 1185 Aristoteles
1723 1137 2002 1197 subridenS,
2062 1152 2152 1199 ego
2202 1152 2342 1197 ver0,
2398 1138 2570 1199 inquit,

322 1215 592 1273 protestor,
632 1209 763 1272 quod
803 1210 958 1257 omnis
997 1208 1314 1256 contradictio
1354 1215 1438 1256 tua
1476 1208 1586 1257 illos
1624 1215 1781 1271 petat,
1836 1212 1919 1272 qui
1959 1210 2147 1258 Lunam
2186 1209 2380 1272 quidem
2419 1212 2573 1271 ipsam

323 1284 622 1346 semigneam
660 1288 954 1346 supponunt,
995 1281 1332 1329 universaliter
1369 1289 1528 1330 tamen
1568 1295 1820 1344 corporum
1847 1283 1943 1331 alia
1969 1297 2174 1343 sursum,
2214 1283 2313 1330 alia
2352 1282 2574 1330 deorsum

324 1355 521 1404 tendere
560 1370 621 1404 ex
657 1370 710 1404 sc
748 1355 869 1418 ipsis
906 1354 1160 1402 affirmant.
1239 1354 1314 1401 An
1355 1369 1470 1403 vero
1510 1357 1687 1403 existat
1726 1355 1926 1417 aliquis,
1976 1358 2059 1417 qui
2099 1362 2144 1403 et
2183 1354 2402 1403 circulari
2441 1363 2575 1403 motu
2609 1407 2614 1413 ,

327 1429 512 1477 moveri
550 1433 681 1476 astra
718 1426 1015 1487 naturaliter,
1057 1435 1103 1476 et
1140 1435 1342 1475 naturae
1381 1444 1410 1475 a
1437 1435 1646 1490 quatuor
1673 1428 1921 1476 elementis
1948 1429 2227 1490 longissime
2256 1427 2448 1476 diversa
2489 1428 2575 1477 illa

324 1515 430 1550 esse
469 1500 666 1562 dixerit,
718 1501 767 1549 id
805 1515 864 1548 ne
903 1501 1100 1548 fortuito
1147 1500 1342 1562 quidem
1391 1502 1532 1548 nobis
1580 1500 1762 1549 incidit.
1839 1501 1914 1548 Ita
1952 1516 2108 1564 neque
2159 1503 2417 1563 quicquam
2457 1501 2574 1548 mihi

322 1574 615 1624 facessivisti
652 1575 836 1636 negotii
875 1579 924 1622 et
959 1568 1132 1640 (opera
1158 1572 1517 1621 demonstrandi
1543 1573 1722 1622 Lucius
1763 1573 1997 1622 liberatus
2037 1572 2141 1638 est).
2193 1574 2318 1620 Tum
2348 1574 2574 1622 Lucius

322 1661 419 1694 non
457 1647 628 1710 plane,
669 1660 698 1694 o
738 1648 879 1706 bone,
920 1646 1006 1694 sed
1044 1647 1185 1693 nobis
1226 1646 1445 1709 quidem,
1497 1648 1579 1709 qui
1620 1653 1667 1694 et
1705 1646 1893 1708 reliqua
1932 1646 2090 1695 sidera
2132 1648 2251 1694 citra
2292 1646 2488 1694 dubium
2531 1653 2577 1695 et

324 1725 483 1768 totum
520 1719 644 1768 adeo
685 1719 874 1768 coelum
912 1720 962 1765 in
998 1733 1168 1782 puram
1197 1726 1243 1767 et
1269 1721 1507 1767 sinceram
1535 1725 1581 1766 et
1610 1721 1739 1767 omni
1778 1720 1997 1781 passibili
2039 1720 2327 1768 alteratione
2370 1735 2573 1767 vacuam

321 1798 547 1840 naturam
587 1791 884 1841 collocamus
924 1794 1069 1854 inque
1110 1792 1287 1840 circulo
1329 1792 1524 1841 divinae
1565 1799 1711 1855 atque
1752 1794 2071 1840 indesinentis
2111 1794 2440 1841 conversionis
2482 1795 2577 1841 cir-

323 1865 680 1925 cumducimus,
735 1865 863 1912 haud
915 1865 1056 1913 facile
1109 1879 1226 1912 sane
1267 1867 1524 1927 quisquam
1564 1867 1611 1911 in
1652 1880 1882 1928 praesens
1930 1866 2297 1924 contradixerit,
2351 1867 2574 1926 quamvis

322 1937 699 1988 innumerabiles
726 1940 936 1987 existant
962 1937 1272 1985 difficultates
1294 1933 1379 2004 ¹3).
1431 1939 1496 1986 At
1537 1939 1577 1985 si
1604 1938 1687 1987 Sol
1710 1940 1813 2000 jam
1855 1938 2115 1987 descendat
2144 1938 2428 2000 Lunamque
2457 1954 2575 1987 con-

323 2017 523 2072 trectet,
558 2011 662 2073 jam
699 2025 797 2060 non
838 2011 1046 2074 amplius
1085 2011 1434 2072 impassibilem
1474 2026 1582 2059 eam
1622 2018 1669 2060 et
1707 2014 2032 2074 incorruptam
2070 2012 2307 2069 servabit,
2349 2026 2437 2059 nec
2476 2012 2576 2058 illi-

325 2084 496 2133 batum
535 2084 659 2133 sinet
697 2085 912 2147 corporis
951 2085 1056 2146 ejus
1094 2083 1274 2143 florem,
1315 2087 1429 2146 quin
1468 2086 1652 2147 potius,
1696 2091 1749 2132 ut
1788 2091 1970 2132 ceteras
2010 2084 2384 2146 inaequalitates
2425 2092 2472 2132 et
2500 2085 2575 2132 di-

326 2158 582 2206 versitates
619 2163 997 2219 praetereamus,
1036 2157 1163 2204 hanc
1201 2158 1356 2218 ipsam
1395 2158 1567 2205 faciem
1607 2158 1710 2219 ejus
1749 2158 2070 2220 pellucentem
2097 2158 2347 2205 immeabit
2385 2164 2432 2205 et
2458 2172 2577 2205 con-

325 2231 582 2278 taminabit
632 2230 799 2292 aliqua
846 2231 1147 2278 substantiae
1194 2230 1298 2291 ejus
1349 2231 1629 2290 affectione,
1681 2232 1786 2279 sive
1837 2231 2074 2279 infusione
2127 2237 2174 2279 et
2213 2229 2571 2292 quodammodo

331 2305 672 2351 commixtione
714 2303 968 2352 diversae:
1016 2304 1199 2365 patitur
1239 2304 1364 2350 enim
1403 2303 1588 2366 aliquid
1629 2306 1773 2351 etiam
1815 2304 1889 2363 id,
1931 2303 2059 2365 quod
2099 2305 2332 2351 mixtione
2370 2305 2577 2351 consun-

329 2374 457 2423 ditur
496 2390 605 2424 cum
643 2375 766 2436 alio,
818 2377 975 2438 perdit
1014 2377 1142 2423 enim
1180 2377 1522 2436 sinceritatem,
1561 2376 1798 2425 violentia
1838 2377 2086 2425 deterioris
2123 2376 2375 2438 repletum.
2452 2377 2577 2425 Tum

329 2453 491 2496 autem
530 2450 787 2511 segnitiem
825 2449 929 2511 ejus
968 2450 1273 2511 impetusque
1311 2452 1605 2498 retusionem
1646 2455 1692 2497 et
1720 2449 1893 2497 caloris
1933 2449 2314 2497 imbecillitatem
2347 2448 2576 2497 'obscuri-

327 2526 598 2583 tatemque,
653 2523 735 2583 qui
775 2521 1038 2570 secundum
1076 2521 1244 2570 Ionem
1288 2550 1351 2558 ——
1397 2550 1459 2557 —
1498 2537 1604 2570 non
1658 2523 1737 2571 vel
1790 2525 2078 2584 nim-antem
2125 2537 2281 2570 uvam
2331 2526 2572 2584 eoecoquit,

329 2593 446 2656 quid
485 2607 591 2643 esse
630 2593 872 2653 dicamus,
926 2593 1042 2656 quid
1092 2596 1186 2641 nisi
1232 2594 1558 2642 infirmitatem
1608 2595 1711 2656 ejus
1759 2602 1807 2643 et
1854 2595 2102 2654 affectum,
2156 2597 2195 2642 si
2237 2595 2574 2643 affectionibus

325 2665 462 2714 locus
499 2672 573 2714 est
609 2668 658 2714 in
707 2681 903 2729 corpore
950 2668 1149 2729 perenni
1188 2674 1235 2715 et
1274 2667 1511 2715 coelesti?
1567 2665 1775 2715 Omnino
1815 2669 1963 2726 enim,
2018 2682 2046 2715 o
2086 2668 2228 2716 chare
2271 2669 2572 2727 Aristoteles,

326 2738 566 2801 siquidem
618 2753 725 2788 eam
763 2746 816 2787 ut
853 2745 1030 2788 terram
1079 2739 1293 2801 aliquam
1334 2742 1599 2799 intuemur,
1649 2739 1970 2802 pulcherrima
2020 2741 2160 2788 nobis
2205 2755 2280 2788 res
2322 2748 2370 2789 et
2408 2741 2570 2790 lautae

327 2811 510 2861 formae
549 2812 703 2860 videri
741 2818 903 2874 potest
943 2819 990 2860 et
1038 2815 1232 2860 omnino
1279 2813 1496 2873 exculta3
1543 2819 1593 2860 at
1631 2814 1672 2860 si
1711 2819 1764 2860 ut
1801 2813 1933 2860 sidus
1973 2820 2057 2861 aut
2095 2820 2148 2861 ut
2195 2813 2356 2861 lumen
2397 2821 2481 2862 aut
2520 2822 2573 2863 ut
2648 2855 2652 2858 .

327 2898 501 2947 corpus
549 2885 766 2933 divinum
814 2891 863 2934 et
908 2885 1146 2946 coeleste,
1201 2899 1368 2933 vereor
1405 2891 1459 2932 ut
1510 2885 1734 2933 deformis
1784 2885 2023 2934 habeatur
2070 2893 2117 2934 et
2168 2888 2319 2948 turpis
2371 2894 2619 2951 aspectus

329 2971 552 3021 quaeque
590 2958 772 3006 nomini
808 2963 908 3005 tam
943 2957 1158 3019 pulchro.
1184 2956 1419 3019 pudorem
1456 2958 1650 3019 afferat3
1701 2959 1880 3020 quippe
1920 2973 2027 3006 cum
2069 2973 2141 3017 ea,
2183 2973 2308 3021 quae
2347 2961 2397 3006 in
2436 2948 2595 3019 coel-'-

333 3035 462 3091 sunt,
500 3036 636 3079 tanto
674 3032 771 3078 sint
808 3044 1030 3089 numero,
1081 3030 1186 3078 sola
1221 3030 1345 3079 baec
1383 3046 1441 3079 ex
1481 3031 1704 3079 omnibus
1742 3037 1985 3093 superest,
2026 3046 2149 3093 quae
2190 3033 2350 3080 alieno
2391 3029 2555 3096 indige
2570 3031 2613 3082 ⁴st

324 3102 507 3152 lumine
545 3117 769 3166 quaeque
807 3102 1071 3151 secundum
1110 3103 1445 3151 Parmenidem
1481 3118 1674 3165 semper
1710 3106 1977 3164 apricatur
2014 3105 2220 3153 violenti
2256 3105 2326 3153 ad
2358 3103 2614 3174 fulffrff',

330 3175 474 3225 Solis.
524 3177 586 3224 Et
623 3178 786 3225 socius
826 3175 1023 3238 quidem
1059 3181 1222 3223 noster
1259 3177 1308 3222 in
1349 3176 1685 3225 dissertatione
1713 3191 1814 3235 sua,
1857 3176 2184 3226 demonstrato
2214 3178 2344 3240 quod
2373 3166 2550 3229 Au*T
2576 3188 2584 3227 ,ἵ

326 3263 475 3312 gorae
514 3248 710 3311 quidem
751 3254 846 3309 est,
899 3247 1064 3297 Solem
1101 3248 1265 3297 indere
1304 3250 1472 3297 Lunae
1511 3249 1838 3312 splendorem,
1879 3256 2070 3299 strenue
2109 3266 2208 3300 rem
2245 3252 2429 3314 gessit3
2472 3240 2607 3331 'eg6

329 3336 446 3371 vero
486 3323 545 3369 iis
583 3335 678 3370 non
717 3321 1022 3381 immorabor,
1061 3335 1186 3384 quae
1213 3336 1243 3368 a
1269 3323 1410 3371 vobis
1436 3328 1521 3370 aut
1547 3323 1799 3371 vobiscum
1838 3322 1998 3383 didici,
2038 3323 2126 3372 sed
2162 3324 2337 3372 lubens
2377 3306 2587 3374 vol-'nst

334 3408 427 3456 que
466 3394 529 3443 ad
568 3409 626 3443 ea
663 3409 790 3457 quae
828 3400 1012 3444 restant
1047 3395 1277 3442 transibo.
2424 3420 2426 3422 ’
2575 3442 2598 3448 ,

503 3467 658 3530 Igitur
698 3467 884 3515 Lunam
933 3467 1096 3516 lumen
1143 3468 1394 3529 concipere
1441 3480 1538 3514 non
1591 3471 1645 3514 ut
1693 3469 1871 3514 vitrum
1920 3473 2006 3515 aut
2055 3467 2239 3531 glacies
2276 3459 2601 3551 ingressrori',

325 3535 524 3586 luminis
565 3547 612 3588 et
649 3540 966 3604 pellucentia‚
1018 3539 1246 3588 credibile
1291 3546 1393 3601 est3
1445 3536 1567 3587 sed
1579 3553 1736 3603 neque
1785 3539 2075 3589 collucentia
2121 3546 2185 3590 et
2206 3528 2629 3608 corrafliatiou‘u'·

329 3611 460 3694 sicut
497 3611 702 3672 faculae,
743 3619 986 3662 crescente
1023 3612 1220 3661 lumine.
1268 3612 1378 3660 Hoc
1417 3614 1541 3659 enim
1580 3613 1630 3659 si
1659 3617 1801 3670 esset,
1839 3612 1981 3662 Luna
2016 3627 2113 3662 non
2148 3599 2324 3699 ιιιίιιιιειο
2335 3606 2422 3673 in
2411 3612 2581 3712 nois&

329 3756 452 3817 tegit
488 3756 597 3817 ipsa
633 3771 790 3819 neque
831 3758 1050 3806 obvallat
1075 3758 1255 3818 Solem,
1296 3757 1382 3806 sed
1421 3751 1700 3805 transmittit
1738 3771 1846 3805 eum
1887 3759 1948 3807 ob
1985 3754 2252 3832 raritatem
2259 3722 2357 3812 aut
2381 3760 2421 3808 sl
2439 3755 2604 3825 qusa‘

333 3825 445 3876 dam
483 3828 763 3878 confusione
802 3830 1002 3879 irradiat
1038 3837 1087 3879 et
1125 3831 1259 3880 velut
1297 3830 1563 3879 exardescit
1599 3831 1777 3878 circum
1818 3829 1951 3879 illam
1988 3828 2178 3881 lumen.
2207 3826 2302 3882 Sfc
2328 3830 2457 3890 enim
2482 3846 2609 3883 ex-

336 3901 523 3960 cusatio
563 3908 813 3964 consueta,
850 3917 977 3969 quae
1015 3904 1066 3953 in
1105 3903 1452 3954 declinationes
1491 3907 1540 3955 et
1577 3904 1855 3957 aversiones
1893 3902 2138 3959 radiorum
2156 3903 2363 3969 causam
2391 3904 2594 3961 confert
2562 3897 2652 3995 ,31-
