2652 4088
667 1282 1099 1429 Appendix
1178 1282 1803 1429 Gcographica,

477 1524 647 1585 scu
709 1506 1062 1604 mavis,
1122 1501 1992 1604 Selenographica.

150 1681 264 1743 Ad
317 1683 642 1750 admodum
703 1691 1143 1753 Reum-endum
1201 1689 1275 1751 P.
1325 1689 1597 1751 Paulum
1646 1687 1883 1749 &uldin
1901 1733 1923 1762 ,
1986 1686 2322 1750 Societatis

796 1794 858 1855 J
866 1815 1000 1855 esu
1046 1794 1499 1872 Presbyterum
1542 1800 1654 1854 etc.

281 2061 585 2114 Venerabilis
625 2074 674 2116 et
712 2067 988 2118 doctissime
1031 2070 1130 2131 Vir,
1169 2070 1354 2118 Fautor
1391 2065 1621 2116 Colende.
1671 2065 1770 2114 Vix
1809 2071 1882 2114 est
1920 2066 2192 2127 quisquam,
2237 2079 2363 2127 quo-

22 2160 24 2167 =
107 2147 215 2182 cum
254 2149 345 2198 ego
397 2137 490 2186 hoc
541 2147 756 2203 tempore
808 2156 970 2190 coram
1022 2143 1080 2191 de
1119 2142 1293 2191 studiis
1342 2140 1679 2189 astronomicis
1725 2138 1860 2200 loqui
1907 2138 2163 2199 mavelim,
2216 2153 2364 2201 quam

24 2222 26 2273 ζ
106 2214 291 2267 tecum,
345 2211 387 2258 si
434 2219 623 2273 praeter
671 2214 817 2276 hujus
870 2215 1100 2278 colloquii
1147 2214 1505 2278 jucunditatem
1556 2211 1757 2275 aliquod
1805 2214 2001 2273 insuper
2048 2213 2230 2260 itineris
2270 2213 2363 2260 mei

25 2322 27 2327 ⁴
106 2283 314 2342 pretium
366 2282 459 2333 hoc
511 2287 789 2336 turbulento
829 2294 1073 2351 tempore,
1130 2304 1226 2351 quo
1267 2295 1371 2336 tota
1410 2286 1525 2335 aula
1574 2284 1762 2334 bellicis
1804 2288 1929 2333 curis
1971 2290 2044 2333 est
2082 2287 2360 2346 exercitata,

105 2361 375 2416 appareret.
453 2356 563 2419 Quo
602 2363 785 2422 gratior
822 2362 939 2410 mihi
988 2362 1165 2410 accidit
1210 2361 1438 2409 salutatio
1487 2360 1575 2407 abs
1613 2358 1672 2406 R.
1713 2358 1775 2406 D.
1817 2357 1874 2407 Τ.
1932 2358 2049 2406 mihi
2100 2358 2229 2407 dicta
2278 2373 2363 2421 per

27 2443 29 2456 ²
105 2428 180 2474 sui
219 2427 399 2478 ordinis
439 2430 674 2493 homines,
715 2436 797 2497 qui
837 2435 916 2484 hic
953 2442 1079 2484 sunt.
1132 2435 1359 2498 Inprimis
1397 2433 1454 2482 P.
1486 2433 1675 2480 Zuccus
1715 2445 1888 2479 munus
1927 2446 2068 2479 suum
2107 2439 2363 2494 praestan-

29 2502 31 2543 }
104 2499 363 2567 tissimum,
401 2506 731 2567 perspicillum
771 2508 903 2570 dico,
945 2524 1040 2557 non
1080 2508 1162 2557 alii
1202 2509 1361 2571 potuit
1399 2508 1720 2566 committere,
1762 2505 1899 2567 cujus
1939 2504 2054 2551 mihi
2094 2508 2276 2567 gratior
2315 2506 2362 2551 in

30 2579 31 2582 ’
103 2570 196 2621 hac
231 2589 282 2624 re
319 2578 384 2623 sit
422 2591 594 2640 opera,
649 2595 794 2643 quam
842 2588 942 2632 tua.
1021 2584 1062 2630 A
1106 2595 1201 2644 quo
1240 2583 1395 2644 primo
1448 2594 1556 2628 cum
1604 2578 1822 2638 audiam,
1878 2577 2140 2626 clinodium
2181 2578 2274 2626 hoc
2312 2579 2360 2625 in

32 2685 35 2726 ἶ
81 2655 262 2720 ganeam
300 2652 504 2699 transire
543 2656 902 2716 proprietatem,
944 2656 1097 2718 primo
1139 2657 1285 2704 etiam
1323 2653 1412 2702 tibi
1451 2653 1656 2702 fructum
1691 2651 1903 2714 aliquem
1944 2650 2211 2714 voluptatis
2250 2650 2362 2700 lite-

36 2771 37 2775 ,
96 2719 262 2770 -ral’iae
299 2725 659 2786 propinandum
698 2742 890 2789 consec,
930 2729 993 2777 ab
1033 2730 1333 2792 experientia
1371 2726 1516 2789 hujus
1556 2725 1669 2774 doni
1708 2727 1927 2787 petitum.

275 2793 402 2843 Nam
442 2798 559 2859 quid
597 2814 689 2862 ego
729 2815 824 2849 non
867 2800 1064 2850 dicam?
1132 2802 1209 2849 Ad
1251 2799 1432 2863 oppida
1470 2800 1659 2847 lunaria
1696 2800 1737 2845 si
1776 2805 1984 2847 mentem
2030 2798 2223 2857 afferaS,
2271 2799 2362 2846 tibi

103 2877 181 2914 me
217 2865 380 2916 videre
408 2873 734 2934 comprobabo
761 2870 813 2937 ¹).
878 2874 1129 2923 Cavitates
1155 2875 1269 2923 illae
1308 2874 1528 2932 lunareS,
1568 2887 1598 2921 a
1626 2869 1851 2920 Galilaeo
1891 2873 2099 2933 primum
2138 2871 2361 2919 animad-

75 2951 298 3001 .versae,
338 2945 555 2993 maculas
594 2949 900 3008 potissimum
938 2943 1296 3014 insigniunt‘2),
1348 2947 1442 2994 hoc
1480 2951 1576 3003 est,
1619 2952 1673 2993 ut
1710 2959 1800 3007 ego
1842 2943 2147 3004 demonstr0‚
2196 2951 2358 3006 partes

107 3008 361 3074 depressas
399 3017 447 3062 in
489 3018 731 3080 quandam
772 3023 998 3083 aequoris
1037 3020 1310 3083 planitiem,
1365 3021 1434 3067 uti
1484 3024 1597 3066 sunt
1634 3032 1784 3080 penes
1830 3032 1918 3065 nos
1959 3020 2110 3065 maria
2129 3014 2186 3080 ³).
2264 3015 2360 3065 Sed

108 3096 168 3132 ex
206 3086 314 3148 ipsa
350 3091 616 3139 cavitatum
655 3092 943 3156 figuratione
984 3094 1160 3157 colligo
1176 3091 1249 3155 ⁴),
1302 3094 1409 3141 loca
1459 3093 1622 3154 potius
1664 3106 1770 3139 esse
1810 3085 2122 3157 palustria-⁵).
2201 3089 2361 3150 Atque

105 3154 156 3204 in
196 3158 255 3207 iis
293 3160 669 3225 endymionidae
719 3165 878 3215 solent
926 3169 1094 3215 metari
1147 3168 1307 3230 spatia
1356 3179 1550 3214 suorum
1601 3163 1887 3227 oppidorum
1905 3160 1948 3223 6)
2002 3165 2075 3210 sui
2116 3160 2361 3210 muniendi

105 3240 254 3279 eausa
272 3226 312 3296 ⁷)
349 3239 448 3282 tam
488 3243 655 3286 contra
691 3238 940 3288 humorem
982 3235 1336 3300 muscosum3)‚
1392 3253 1535 3301 quarn
1578 3244 1742 3285 contra
1769 3235 1895 3284 Solis
1935 3235 2129 3282 ardores
2144 3231 2197 3299 ⁹),
2238 3234 2360 3283 sorte

135 3304 254 3351 tiam
293 3314 459 3355 contra
497 3308 661 3359 hostes
679 3307 756 3376 ¹⁰).
832 3312 977 3361 Ratio
1016 3314 1298 3361 munitionis
1338 3318 1411 3359 est
1458 3310 1602 3359 haec:
1641 3309 1805 3372 palum
1856 3307 2071 3369 defigunt
2111 3310 2156 3353 in
2198 3313 2359 3356 centro

104 3377 253 3438 spatii
302 3378 658 3446 muniendi¹¹),
711 3384 773 3431 ab
813 3384 906 3433 boc
943 3385 1056 3447 palo
1104 3390 1301 3433 nectunt
1346 3382 1586 3431 funiculos
1606 3377 1698 3448 ¹²),
1753 3395 1837 3444 pro
1891 3381 2162 3441 capacitate
2213 3381 2360 3428 futuri

105 3447 270 3510 oppidi
308 3449 483 3515 longos
520 3469 582 3501 an
623 3452 911 3522 breves¹³),
967 3456 1302 3518 longissimum
1355 3454 1646 3517 deprehendi
1700 3457 1912 3515 quinque
1952 3453 2209 3502 miliarium
2247 3468 2359 3515 ger-

105 3520 513 3591 manicorum¹⁴).
603 3526 723 3575 Cum
772 3528 865 3577 hoc
916 3531 987 3575 sic
1034 3528 1192 3577 defixo
1242 3528 1455 3575 funiculo
1508 3527 1568 3574 ad
1623 3526 2055 3574 circumferentiam
2106 3532 2360 3574 excurrunt

105 3590 251 3641 futuri
292 3595 408 3644 valli
436 3593 508 3662 1·”),
551 3612 696 3661 quam
736 3600 853 3648 fines
892 3600 1149 3663 designant
1187 3599 1505 3647 funiculorum
1530 3595 1609 3660 16).
1662 3597 1800 3646 Tunc
1837 3602 2066 3662 πανδημει
2090 3598 2151 3646 ad
2177 3598 2359 3647 vallum

55 3681 59 3724 J
108 3667 397 3728 egerendum
448 3667 732 3734 coeunt¹⁷)‚
800 3673 958 3720 fossae
1012 3672 1217 3721 latitudo
1272 3686 1369 3731 non
1418 3674 1573 3719 minor
1620 3684 1715 3717 uno
1765 3669 1936 3718 miliari
1987 3674 2262 3733 germanico
2285 3669 2357 3736 18),

58 3760 62 3776 ν
106 3742 357 3791 materiam
397 3751 611 3805 egestam
632 3740 692 3810 ¹⁹)
739 3746 784 3791 in
827 3745 935 3793 aliis
984 3745 1175 3808 oppidis
1225 3759 1413 3793 ornnem
1462 3746 1718 3791 introrsum
1766 3740 2108 3810 recipiunt²·'),
2163 3746 2208 3791 in
2249 3745 2359 3792 aliis

60 3850 63 3879 ‚1
106 3817 282 3879 partim
322 3822 589 3865 extrorsum
629 3825 855 3880 egerunt,
905 3822 1077 3881 partim
1119 3814 1485 3878 introrsum'²¹),
1542 3823 1594 3864 ut
1633 3818 1699 3864 ita
1739 3816 1917 3879 duplex
1954 3815 2040 3866 fiat
2081 3814 2358 3880 vallum22),

62 3911 65 3923 ›
107 3886 390 3939 intermedia
426 3890 560 3940 fossa
595 3890 973 3954 profundissima
991 3888 1073 3956 28).
1155 3891 1299 3940 Valla
1338 3888 1531 3954 singula
1568 3891 1614 3937 in
1656 3905 1707 3939 se
1746 3888 1961 3951 redeunt,
2002 3890 2137 3941 velut
2175 3891 2237 3939 ad
2263 3891 2356 3939 cir-

1943 3972 2007 4019 5*
