2652 4088
998 184 1004 197 ·’
1045 172 1108 223 ἰιύ
1123 172 1243 223 Orbe
1272 177 1442 224 Lunae.
1911 190 1920 197 ·
2290 167 2360 230 91

118 329 420 392 trahiturque
456 326 693 393 paulatim
729 328 780 376 in
816 333 1010 378 acutum
1050 342 1219 377 versus
1253 329 1379 377 ·ivert
1384 341 1485 376 cem
1525 326 1647 376 etin
1663 310 1848 376 exilem
1877 322 2053 374 desinit
2079 322 2264 388 apicem
2280 317 2365 386 ⁵¹).

19 423 53 458 ε,
117 404 245 465 Ergo
274 403 427 462 Luna,
468 411 575 450 cum
612 402 813 483 humilis
844 402 952 465 ipsa
990 403 1040 448 in
1065 402 1283 450 umbram
1322 400 1503 461 incidit,
1543 395 1807 462 majoribus
1845 402 2030 446 umbrae
2071 404 2221 446 sectae
2270 397 2368 443 cir-i

1 523 21 535 ,,
121 477 242 526 culis
294 477 528 538 excipitur
577 476 683 538 traj
827 488 852 523 e
895 470 1234 537 profundiores
1282 475 1387 537 ejus
1426 480 1587 537 partes
1634 479 1683 521 et
1718 467 2168 532 tenebrosissimas3
2220 469 2368 518 altius

1 560 34 598 ’ς
121 563 236 597 vero
276 547 519 608 incedenS,
559 555 674 610 tanq
752 599 757 602 ,
828 549 877 594 iu
917 547 1062 607 vado,
1101 562 1187 610 per
1225 549 1509 595 tenuitatem
1537 541 1781 596 tenebrosi
1809 543 2042 606 colorata,
2082 543 2219 592 brevi
2244 548 2370 592 tem-

127 636 245 685 pore
283 621 514 669 liberatur
530 617 621 687 ⁵²).
1842 627 1844 630 ’
2157 642 2159 645 ·

29 740 34 749 ,
292 692 478 741 Omitto
515 700 679 741 autem
719 706 844 754 quae
880 694 1081 740 seorsim
1120 694 1323 754 singulis
1363 693 1559 755 propria
1597 692 1670 753 (et
1696 689 1826 753 quod
1857 689 1996 751 coepi
2034 693 2369 751 argumentum

27 819 38 823 -
119 783 149 815 a
187 765 377 814 defectu
414 766 579 814 Lunae
607 765 894 830 derivatum,
933 766 1171 827 torquebo
1212 767 1258 812 in
1287 768 1575 814 sententiam
1602 764 1904 822 stoicorum).
1957 761 2192 811 Videmus
2219 763 2361 820 enim,

120 842 281 902 ignem
320 853 380 887 ex
415 838 523 886 loco
562 839 789 886 umbroso
818 853 1049 903 apparere
1077 845 1126 888 et
1158 838 1383 900 effulgere
1411 839 1580 899 magiS,
1621 839 1725 885 sive
1754 839 1835 883 aer
1862 835 2146 883 tenebrosus
2173 840 2369 897 propter

120 913 405 960 densitatem
449 924 546 958 non
597 911 831 959 concedat
878 911 1177 960 defluxiones
1226 918 1274 959 et
1325 911 1605 958 diffusiones
1656 911 1916 971 potiusque
1963 903 2214 956 contineat
2265 907 2372 969 ejus

118 985 441 1033 substantiam
476 984 523 1030 in
564 983 732 1032 eodem
774 990 821 1032 et
860 986 1000 1046 quasi
1039 986 1356 1046 constringat,
1409 984 1514 1031 sive
1553 981 1646 1030 hoc
1691 984 1754 1029 sit
1793 996 1851 1029 ex
1891 981 2144 1029 affectione
2184 989 2379 1040 sensus,'‹

10 1105 11 1110 ,
119 1065 174 1106 ut
211 1060 337 1106 sicut
372 1057 608 1105 ferventia
653 1056 793 1119 juxta
842 1057 1017 1119 frigida
1069 1057 1191 1105 fiunt
1235 1058 1529 1105 ferventiora
1578 1062 1626 1103 et
1674 1054 1948 1116 voluptates
1991 1053 2130 1115 juxta
2179 1053 2370 1101 labores

6 1126 8 1151 ἶ
123 1137 235 1178 suut
271 1129 680 1190 vehementiores,
731 1131 801 1178 sic
839 1132 983 1178 ctiam
1022 1130 1208 1192 fulgida
1246 1130 1388 1192 juxta
1426 1128 1684 1177 tenebrosa
1722 1131 1986 1189 appareant
2026 1126 2373 1187 manifestiora,

48 1196 52 1197 ⁷
126 1204 430 1251 intentiorem
474 1200 522 1249 i'n
576 1203 665 1250 has
713 1203 992 1251 affectiones
1040 1206 1163 1252 inter
1206 1217 1314 1252 sese
1363 1203 1613 1264 oppositas
1651 1200 1946 1263 praestantia
1985 1200 2371 1261 imaginativam.

127 1275 223 1324 Sed
261 1278 394 1338 prius
431 1274 551 1322 illud
589 1276 880 1324 versimilius
921 1282 994 1325 est
1007 1271 1091 1340 53).
1166 1275 1357 1324 Etenim
1407 1276 1534 1337 ignis
1573 1280 1621 1322 et
1658 1287 1976 1335 quaecunque
2018 1278 2222 1320 naturae
2262 1276 2374 1319 sunt

32 1364 36 1365 ⁷
122 1351 296 1412 igneae
336 1350 382 1394 in
409 1347 522 1396 Sole
559 1351 720 1411 posita
757 1363 853 1396 non
893 1349 1050 1397 solum
1088 1348 1295 1418 perdunt
1333 1348 1584 1410 fulgorem,
1625 1346 1710 1395 sed
1737 1347 1881 1394 ctiam
1910 1346 2180 1393 succumbit
2210 1359 2374 1394 eorum

119 1424 220 1481 vis,
258 1427 312 1469 ut
364 1421 587 1470 inefficax
628 1428 676 1470 ct
715 1423 933 1470 obtusior
970 1421 1213 1470 reddatur.
1290 1422 1511 1484 Dissipat
1551 1422 1676 1469 enim
1717 1419 1849 1468 calor
1887 1419 2017 1467 Solis
2066 1424 2114 1467 et
2153 1417 2376 1466 diffundit

124 1497 251 1558 ignis
289 1496 403 1541 vim.

289 1565 342 1616 Si
387 1568 535 1628 igitur
571 1566 712 1615 Luna
757 1568 919 1629 ignem
968 1568 1162 1616 sortita·
1189 1573 1286 1627 est,
1339 1566 1549 1615 debilem
1597 1565 1733 1613 illum
1784 1571 1832 1614 et
1882 1579 2052 1614 sensus
2091 1564 2373 1626 fugientem,

120 1641 298 1703 quippe
336 1639 707 1688 sidus‘existens
735 1640 988 1700 turbidius,
1030 1647 1085 1688 ut·
1113 1642 1205 1703 ipsi
1231 1640 1522 1702 loquuntur:
1563 1639 1683 1687 nihil
1714 1653 1894 1696 eorum,
1935 1653 2061 1701 quae
2088 1652 2216 1686 nunc
2242 1638 2374 1685 illam

119 1714 338 1763 videmus
376 1715 503 1775 pati,
555 1713 641 1761 sed
693 1715 933 1762 contraria
972 1716 1136 1762 omnia
1172 1715 1274 1776 pati
1313 1713 1449 1761 illam
1489 1714 1783 1761 conveniens
1833 1718 1981 1771 esset,
2036 1725 2268 1775 apparere
2307 1725 2375 1759 sc.

117 1794 250 1846 tunc,
292 1800 400 1834 cum
441 1786 725 1845 occultatur,
767 1786 999 1835 occultari
1036 1802 1167 1847 vem,
1211 1801 1319 1835 cum
1357 1791 1584 1849 apparet,
1624 1786 1675 1833 id
1715 1791 1788 1834 est
1827 1785 2059 1834 occultari
2097 1799 2182 1848 per
2221 1790 2376 1832 totum

117 1866 308 1922 tempus
352 1858 613 1922 reliquum,
663 1861 724 1908 ab
778 1863 888 1908 aere
940 1874 1005 1908 sc.
1047 1861 1472 1909 circumambiente
1523 1860 1838 1919 offuscatam,
1892 1859 2120 1921 effulgere
2173 1871 2288 1906 vero
2329 1863 2378 1906 et

35 1938 41 1940 ⁷
120 1934 430 1995 conspicuam
466 1932 718 1994 tierizpost
755 1947 899 1981 senos
938 1949 1128 1982 menses
1167 1933 1504 1995 interdumque
1543 1939 1658 1995 post
1696 1934 1896 1994 quinos,
1954 1931 2164 1993 quando
2189 1945 2255 1979 sc.
2296 1932 2377 1978 in·-

61 2034 65 2038 ·
120 2005 224 2053 duit
268 2019 319 2053 se
370 2007 541 2053 umbra
590 2005 784 2054 Terrae.
875 2006 1000 2054 Nam
1050 2006 1121 2053 illi
1175 2011 1277 2056 465
1332 2009 1559 2054 circuitus
1608 2005 1984 2068 pleniluniorum
2031 2004 2376 2054 defectualium

43 2080 45 2082 ’
120 2093 345 2127 senorum
381 2080 619 2127 mensium
658 2079 841 2126 habent
880 2084 999 2133 404,
1039 2080 1252 2142 reliquos
1293 2081 1548 2142 quinorum
1587 2080 1826 2127 mensium
1844 2075 1928 2142 ⁵⁴).

70 2205 77 2213 ἱ
292 2150 562 2213 Oportebat
600 2153 743 2214 igitur
791 2158 902 2214 post
947 2152 1069 2200 haec
1107 2154 1338 2215 temporis
1392 2154 1552 2215 spatia
1590 2152 1778 2200 Lunam
1831 2164 2065 2214 apparere
2117 2152 2164 2197 in
2205 2151 2377 2199 umbra

48 2247 50 2249 >
120 2222 444 2284 effulgentem.
520 2224 615 2272 Illa
653 2238 767 2273 vero
805 2227 853 2272 in
894 2222 1142 2292 (umbram
1182 2226 1376 2289 quidem
1415 2226 1595 2274 Terrae
1649 2220 1873 2291 delapsa)
1926 2224 2086 2273 deficit
2125 2230 2173 2273 et
2213 2224 2377 2271 lumen

119 2295 306 2359 perdit3
344 2298 516 2359 recipit
552 2312 669 2345 vero
710 2297 784 2357 id,
826 2312 933 2346 cum
968 2301 1172 2361 primum
1214 2315 1272 2348 ex
1313 2299 1482 2347 umbra
1523 2298 1756 2361 effugerit.
1836 2298 1895 2345 Et
1935 2303 2138 2360 apparet
2175 2297 2372 2360 quidem

121 2370 287 2418 crebro
328 2369 387 2418 de
427 2370 518 2429 die,
559 2376 792 2433 tanquam
832 2371 1025 2433 quidvis
1052 2375 1213 2435 potius
1241 2373 1324 2420 illa
1352 2374 1428 2432 sit,
1472 2386 1613 2434 qaam
1642 2373 1837 2434 igneum
1865 2377 1949 2419 aut
1977 2371 2154 2419 astrale
2182 2385 2376 2434 corpus,

293 2441 430 2491 Haec
469 2458 577 2492 cum
617 2444 819 2491 dixisset
857 2444 1097 2506 Lucius,
1140 2448 1292 2494 coorti
1327 2445 1684 2493 Pharnaces
1723 2451 1771 2493 et
1811 2436 2262 2506 Apollonides,
2303 2445 2375 2491 si-

118 2515 218 2564 mul
254 2518 507 2564 exiverunt
545 2531 654 2565 cum
694 2519 800 2579 ipso
841 2517 1200 2579 quodammodo
1241 2519 1414 2581 (verbo
1454 2517 1664 2575 ultimo).

293 2589 481 2639 Deinde
509 2590 801 2652 Apollonide
826 2605 1020 2639 reverso
1048 2591 1407 2640 Pharnaces
1447 2592 1564 2650 infit,
1605 2591 1697 2638 hoc
1723 2592 1881 2652 ipsum
1911 2591 2120 2639 maxime
2150 2589 2377 2650 ostendit,

72 2666 87 2681 ⁸
120 2660 307 2710 Lunam
346 2663 506 2723 ignem
545 2669 629 2711 aut
666 2663 799 2711 sidus
839 2678 960 2712 esse.
1020 2665 1128 2713 Non
1169 2673 1242 2713 est
1281 2667 1407 2714 enim
1448 2666 1645 2712 omnino
1685 2665 2001 2725 inconspicua
2039 2666 2088 2710 in
2130 2663 2374 2725 deliquiis,

24 2742 27 2763 ¹
100 2733 206 2798 *sed
246 2735 460 2783 ostendit
498 2735 706 2784 colorem
747 2737 991 2798 quendam
1030 2739 1252 2787 carbonis
1290 2738 1505 2787 ardentis
1545 2745 1592 2785 et
1619 2737 1895 2795 terribilem,
1936 2739 2017 2798 qui
2056 2739 2278 2799 proprius
2307 2741 2381 2784 est

127 2808 268 2860 ius.
335 2808 754 2870 Apollonides
792 2824 909 2858 vero
947 2812 1228 2859 instantiam
1269 2813 1331 2860 ab
1371 2812 1541 2859 umbra
1566 2816 1851 2873 prosecutus
1878 2818 1965 2858 est.
2021 2809 2220 2872 Semper
2248 2812 2373 2859 enim

162 2893 190 2929 c
225 2880 491 2943 indigetare
506 2878 566 2948 κ’)
606 2882 976 2938 mathematieos
1013 2883 1172 2932 locum
1199 2886 1387 2946 fulgore
1415 2899 1640 2949 vacuum,
1667 2889 1729 2931 et
1754 2882 1943 2931 coelum
1983 2884 2181 2931 umbrae
2223 2897 2376 2945 capax

159 2962 166 2969 ‘
456 2954 562 3016 Ego
601 2969 745 3020 vero,
779 2951 888 3031 hait
921 2954 1222 3038 illorum-152
1251 2959 1426 3026 antias,
1468 2951 1729 3026 difies,
1754 2956 1911 3030 magis
1946 2955 2012 3005 ad
2050 2970 2225 3004 nomen
2265 2969 2388 3022 per-3⁴
2574 3019 2577 3022 Α
2623 2982 2652 3010 -,

259 3016 460 3112 {iod
500 3028 658 3076 ΒΟῙΕΠῘ,
695 3011 1039 3093 Gontefflbgl
1045 3014 1343 3140 quq,
1374 3022 1460 3090 τω,
1498 3021 1705 3091 pff
1734 3018 1922 3111 ygffiib
1924 3032 1995 3079 et
2016 3005 2630 3102 mathemaviffssfngy

344 3115 358 3126 ⁶
799 3122 864 3157 «st,
891 3108 936 3144 “a
1091 3109 1125 3145 ·,
1170 3101 1246 3162 {¹4
1391 3118 1437 3154 ,Β
1475 3062 1614 3159 wo*
1715 3099 1729 3113 '⁷
1770 3090 1846 3152 ⁰⁴⁸:
1893 3156 1924 3169 ·.
1932 3101 2008 3170 [⁷
2014 3111 2018 3116 ’
2258 3109 2276 3147 ‘1
2373 3108 2377 3114 ⁵

170 3204 172 3208 .
204 3199 245 3230 ν,
251 3197 303 3214 ‹r
710 3196 714 3198 -
756 3181 794 3211 ²
830 3154 1050 3248 {iiim
1063 3163 1438 3235 ’ὅιιΐᾶγῒᾶύῗιίἒῗτε
1470 3197 1519 3238 ‚
1732 3162 1749 3192 ἑ
1829 3167 1834 3181 ‘
1886 3167 1916 3183 “”
2004 3175 2014 3187 ’
2247 3227 2255 3237 f

171 3259 328 3314 mpsa
364 3244 577 3311 (luminis
609 3228 893 3325 jacturfitfi
873 3245 939 3296 fd
1078 3231 1436 3309 &ecessarium
1484 3253 1584 3309 est3
1641 3253 1689 3296 et
1727 3248 1774 3294 in
1809 3224 2103 3296 universum
2155 3237 2294 3311 ι“”’“ν
2371 3307 2374 3310 Α
2420 3292 2443 3307 ,,

176 3343 190 3372 z,
254 3316 496 3376 dicebam,
536 3332 593 3367 eo
607 3314 682 3365 ἰιι
718 3307 828 3369 lo'co
865 3305 1060 3382 negare,
1092 3310 1291 3369 Lunam
1330 3335 1577 3383 permeare
1616 3321 1835 3368 umbram
1874 3319 2070 3381 Terrae,
2115 3312 2310 3388 (htux,
2356 3309 2534 3382 ‘
2638 3315 2642 3318 ’

55 3385 62 3395 “
136 3394 176 3432 a*
203 3367 401 3450 Τειτὶε,
454 3404 576 3452 quas
613 3388 930 3454 pervagatur)
973 3394 1144 3440 umbra
1183 3394 1366 3453 Lunae,
1409 3396 1567 3440 visum
1607 3394 1880 3454 opprimens
1919 3396 1968 3440 et
2003 3390 2244 3455 (Solem-»1
2218 3407 2220 3409 ’
2351 3412 2378 3431 ⁴

121 3492 130 3514 ι,
157 3459 331 3527 ipiens)
366 3462 559 3521 Terrae,
600 3463 763 3522 (fateri
802 3465 1021 3511 umbram
1062 3465 1100 3511 Ι
1105 3467 1250 3528 unae)
1293 3466 1493 3526 deliquii
1523 3465 1650 3514 Solis
1689 3478 1883 3511 causam
1924 3463 2211 3515 efficientem
2241 3462 2372 3515 l*suta

146 3540 308 3584 erum
348 3534 410 3582 ad
449 3542 495 3583 te
519 3534 770 3583 Pharnace
808 3549 885 3583 me
924 3544 1169 3584 converto.
1222 3537 1368 3586 Color
1405 3539 1532 3585 enim
1572 3537 1665 3595 ille,
1694 3551 1876 3598 prunae
1903 3536 2074 3586 similis
2113 3544 2161 3586 et
2187 3538 2376 3599 ardens,

34 3620 51 3640 f
126 3621 267 3671 quem
307 3607 414 3670 ejus
451 3609 696 3691 proprium
738 3607 884 3671 dicis,
920 3608 972 3662 in
998 3622 1198 3670 corpore
1236 3624 1342 3658 esse
1382 3609 1506 3657 solet
1542 3609 1752 3657 habente
1789 3608 2075 3658 densitatem
2103 3617 2151 3659 et
2174 3612 2378 3674 profun-

231 3688 343 3730 tem.
417 3679 565 3728 Nulla
604 3681 730 3728 enim
770 3681 816 3727 in
856 3667 976 3730 rai-ts
1014 3681 1237 3730 flammae
1274 3682 1414 3731 sedes
1453 3681 1699 3740 morandi,
1749 3682 1935 3730 nullum
1983 3685 2272 3747 vestigium,
2328 3687 2374 3732 in

260 3754 347 3803 illa
382 3755 588 3812 insistat,
627 3753 785 3802 inesse
822 3753 961 3805 solet.
1026 3753 1122 3803 Sed
1161 3769 1318 3818 neque
1357 3753 1618 3820 cogitanda
1657 3759 1730 3803 est
1766 3754 1845 3804 hic
1882 3755 2049 3821 aliqua
2074 3759 2373 3820 carbonatiO,

302 3909 346 3967 ¹⁸¹)
376 3913 555 3955 Videtur
584 3909 692 3955 nthss
721 3895 907 3955 deusest
927 3908 988 3956 K.
