2652 4088
1018 151 1101 202 111.
1132 151 1464 206 Astronomioa.
2265 156 2371 215 227

6 311 30 359 'j‘
116 308 194 353 tur
216 301 299 352 ΕΟ
338 304 387 352 in
422 301 680 367 sculpulis,
720 317 781 356 ex
806 301 915 364 AD,
955 302 1045 352 DE
1083 305 1133 351 in
1163 306 1243 354 in-
1733 302 1817 345 Εἰς.
1844 301 1878 339 6.

8 415 43 438 ⁴·-
116 378 282 439 tegris.
360 377 413 440 3)
451 377 525 425 Ex
574 377 673 425 tab.
725 374 899 429 decim,
937 377 1247 439 generalibus
1303 415 1346 458 D

14 455 42 512 ’ῃ
112 448 323 502 habetur
347 449 436 498 DF
475 456 524 501 et
549 448 774 500 addendo
801 448 888 498 AF
911 451 959 497 in
987 451 1245 513 scrupulis,

0 577 1 587 ,
117 527 166 573 et
203 522 294 571 DE
329 524 379 570 in
430 520 648 587 integris,
701 523 755 587 4)
784 522 857 571 Ex
885 522 1066 572 tabulis
1092 523 1163 573 M.
1192 525 1246 574 Ο.

0 594 1 608 ’
113 595 426 658 generalibus
463 596 671 646 habetur
705 596 789 645 EF
828 601 877 646 et
913 597 1246 649 subtractione

95 667 196 718 'CF
236 671 286 716 in
324 669 588 732 scrupulis:
629 670 700 718 sic
736 670 883 732 igitur
906 675 1064 718 totum
1091 672 1247 719 trian-
1520 721 1655 954 Χ
2203 673 2239 720 Ο

1477 945 1657 995 QQE

16 742 22 779 ἶ
112 741 283 805 gulum
307 741 435 791 ACF
474 744 579 792 sine
618 741 1037 805 multiplicatione,
1076 743 1163 793 sed
1198 747 1246 793 in
1654 735 1718 806 ’Χ
2140 799 2148 805 „

111 817 258 865 meris
296 815 536 878 scrupulis
574 823 623 864 et
660 815 824 864 nullus
861 816 1088 879 angulus.
1720 808 1873 973 Χ,
1991 805 2138 892 sss

91 939 94 942 ,
286 887 480 937 Tabula
517 887 891 938 differentiarum
931 891 1246 938 ascensiona-
1875 892 1989 958 fs

94 959 248 1026 lium.
324 960 401 1009 Sit
438 960 576 1008 DEA
598 966 680 1018 (fig.
706 971 764 1015 6.)
802 970 1064 1024 aequator‚
1113 963 1244 1011 ABG
1658 956 1899 1054 VB

86 1033 421 1094 smeridianuS,
452 1033 580 1081 EBF
614 1033 831 1095 horizon,
868 1034 959 1083 DB
996 1034 1242 1086 zodiacus,
1685 1066 1736 1105 A

99 1105 169 1156 'In
195 1106 439 1169 triangulo
468 1108 614 1169 igitur
639 1107 771 1154 ABE
800 1113 874 1156 est
900 1107 1032 1156 ΕΑΒ
1065 1115 1241 1168 rectuS‚

91 1178 202 1228 ‘AB
239 1182 443 1228 sumitur
479 1181 529 1226 in
568 1179 718 1228 latere
756 1180 1035 1228 tabularum
1075 1183 1415 1229 ascensionum
1442 1183 1681 1229 rectarum
1714 1193 1805 1242 per
1842 1178 2021 1242 gradus
2060 1180 2272 1240 integros
2311 1177 2375 1226 ad

114 1258 210 1314 32,
253 1253 384 1301 ΑΕΒ
439 1253 613 1315 compl.
667 1254 715 1299 in
765 1253 920 1303 fronte
968 1268 1055 1316 per
1092 1254 1273 1313 gradus
1311 1255 1551 1315 integr08‚
1605 1252 1696 1301 EA
1735 1255 1783 1300 in
1834 1267 1948 1302 area
1996 1266 2083 1314 per
2128 1250 2371 1314 scrupula.

12 1324 14 1343 ²
113 1325 405 1388 Quaerenda
443 1333 570 1375 esset
605 1325 690 1373 ΕΒ
730 1326 863 1374 basis
902 1328 950 1374 iu
989 1327 1230 1389 scrupulis
1270 1333 1319 1375 et
1355 1327 1489 1376 EBA
1530 1326 1755 1390 angulus.

33 1443 38 1446 .
282 1398 503 1448 Tabulae
546 1398 901 1448 Ascensionum
953 1399 1077 1448 nihil
1116 1406 1370 1464 praeterea
1423 1407 1646 1464 possunt.
1724 1399 1960 1449 Videmur
2013 1397 2229 1461 indigere
2266 1397 2373 1447 sola

111 1473 220 1522 basi
255 1473 306 1521 in
344 1487 471 1522 area.

2192 970 2240 1026 ’ᾗ

1340 1546 1509 1609 (Anno
1554 1552 1709 1598 1601.
1775 1551 1860 1596 20.
1903 1545 2158 1607 Augusti.)

284 1618 475 1667 Dentur
499 1618 654 1668 latera
678 1619 786 1681 AB,
826 1619 910 1668 ΒΟ
938 1625 1023 1676 (fig.
1055 1627 1118 1680 7),
1159 1622 1405 1683 quaeritur
1439 1621 1572 1670 basis
1599 1620 1701 1673 ΑΟ.
1740 1658 1743 1662 .
1770 1622 1961 1682 Quaere
1986 1619 2115 1668 latus
2141 1617 2375 1681 majusin

110 1692 280 1753 fronte,
318 1695 478 1741 minus
516 1693 579 1742 ad
615 1695 878 1754 sinistram,
921 1694 1172 1743 exhibebit
1210 1709 1323 1743 area
1362 1695 1520 1744 basin.

283 1765 440 1814 Detur
466 1767 599 1815 basis
627 1782 736 1816 cum
762 1767 995 1816 alterutro
1021 1767 1189 1829 latere,
1231 1775 1284 1816 ut
1314 1767 1398 1816 ΑΟ
1426 1782 1533 1817 cum
1559 1767 1660 1828 ΒΟ,
1704 1768 1952 1830 quaeritur
1977 1766 2124 1814 latus.
2185 1764 2375 1827 Quaere

112 1838 253 1887 basin
302 1840 351 1885 in
402 1854 543 1900 area,
596 1839 724 1889 latus
764 1842 812 1888 in
866 1840 1023 1890 fronte
1062 1842 1144 1893 vel
1182 1842 1400 1904 sinistra,
1453 1842 1704 1892 exhibebit
1751 1842 1842 1891 tibi
1886 1840 2082 1893 residua
2128 1840 2258 1892 frons
2300 1837 2379 1888 vel

110 1913 307 1962 sinistra
344 1915 622 1975 quaesitum
659 1913 807 1965 latus,

283 1983 400 2034 Jam
449 1985 621 2034 dentur
680 1987 834 2035 latera
885 1986 996 2047 AB,
1055 1986 1155 2048 ΒΟ,

112 2060 360 2121 quaeritur
379 2059 589 2122 angulus
603 2060 751 2108 ΒΑΟ,
793 2058 983 2121 Quaere
1002 2061 1156 2122 primo

110 2132 251 2180 basin
305 2132 421 2192 ΑΟ,
478 2139 530 2180 ut
579 2135 714 2195 prius
762 2132 960 2184 dictum.
1036 2133 1159 2182 Inde

63 2203 72 2210 ”
114 2203 521 2267 complementum
558 2205 725 2255 lateris
763 2205 870 2266 ΒΟ,
914 2205 1043 2268 quod
1086 2211 1160 2254 est

55 2279 392 2344 „oppositum
430 2277 610 2342 angulo
650 2280 901 2342 quaesito,
942 2293 1009 2327 sc.
1053 2278 1156 2340 CD,

112 2365 291 2414 quaere
341 2354 389 2398 in
437 2367 566 2401 area.
642 2353 705 2401 Et
752 2352 1160 2415 complementum

34 2411 36 2432 ¹
109 2424 212 2485 Ac,
252 2439 319 2475 se.
347 2424 444 2485 ΟΕ,
485 2441 663 2488 quaere
702 2428 750 2474 in
790 2427 945 2474 fronte
985 2425 1066 2474 vel
1088 2426 1160 2474 si-

34 2497 264 2567 f·,nistra
311 2505 361 2547 et
402 2499 653 2548 exhibebit
700 2500 787 2548 tibi
838 2498 1035 2548 residua
1080 2497 1163 2548 vel

37 2602 41 2631 ³
112 2569 243 2620 frons
278 2571 358 2620 vel
387 2573 581 2621 sinistra
609 2573 711 2632 ΕΙ),
754 2572 1162 2635 complementum

39 2646 41 2663 ¹
84 2644 177 2694 ‚ad
214 2644 296 2694 FB
335 2646 566 2708 angulum
606 2647 896 2709 quaesitum.

195 2764 201 2766 .
286 2717 338 2766 Si
380 2722 627 2780 quaeritur
664 2719 810 2779 ΒΟΑ,
859 2732 1038 2781 quaere
1076 2717 1163 2766 ΑΟ

42 2806 45 2858 ⁸,
114 2795 163 2839 et
199 2790 306 2852 ejus
346 2792 752 2855 complementum
788 2792 882 2842 AH
921 2794 967 2839 in
1008 2792 1165 2840 fronte

42 2859 47 2909 ἰ
113 2869 162 2912 et
198 2866 407 2916 sinistra.
458 2866 583 2913 Tum
625 2866 1031 2928 complementum
1058 2865 1165 2926 BA,

45 2962 47 2974 τ
86 2936 244 3003 squod
270 2945 343 2986 est
371 2938 459 2998 ΙΑ,
487 2940 534 2986 in
564 2954 690 2999 area,
723 2941 908 3002 eritque
934 2940 981 2986 in
1011 2939 1167 2987 fronte

81 3008 160 3077 get
195 3012 391 3060 sinistra
428 3011 518 3072 HI,
559 3012 966 3075 complementum
1005 3011 1068 3060 ad
1106 3009 1205 3059 HG
1243 3008 1493 3072 angulum.

48 3122 50 3126 ,
78 3092 86 3109 ·
289 3083 448 3132 Detur
486 3086 618 3134 basis
658 3101 764 3134 cum
805 3086 971 3145 latere,
1014 3086 1262 3147 quaeritur
1288 3082 1542 3145 oppositus
1568 3077 1725 3127 lateri.
1790 3070 1857 3123 Ut
1885 3086 1942 3120 ex
1972 3068 2071 3130 ΑΟ,
2107 3065 2187 3115 ΟΒ
2216 3077 2370 3149 quae-

0 3191 1 3200 ,
51 3210 53 3219 4
109 3155 229 3204 titur
264 3155 414 3207 ΒΑΟ.
493 3159 620 3221 Ergo
661 3158 1070 3221 complementum
1120 3157 1287 3206 lateris
1328 3155 1408 3203 CB
1450 3153 1574 3212 dati,
1625 3148 1756 3214 quod
1809 3152 1881 3196 est
1922 3139 2039 3203 CD,
2091 3153 2269 3225 quaere
2321 3150 2370 3183 ln

0 3246 3 3279 ι
53 3212 237 3299 ,Larem
330 3230 391 3279 Et
441 3232 851 3294 complementum
899 3232 1030 3280 basis
1085 3230 1164 3279 ΟΕ
1217 3241 1394 3291 quaere
1441 3227 1492 3274 in
1542 3225 1781 3286 margine,
1825 3219 2051 3268 offeretur
2096 3229 2144 3261 in
2182 3211 2369 3273 reliquo

0 3315 4 3348 ἡ
54 3301 323 3365 1ἰῑιεινςίιιεε
362 3303 466 3363 ED,
508 3304 913 3367 complementum
954 3303 1015 3351 ad
1056 3303 1137 3350 FE
1179 3301 1472 3363 quaesitum.

85 3422 102 3431 ,
283 3376 337 3424 Si
375 3376 506 3424 ΒΟΑ
547 3380 794 3440 quaeritur
833 3392 893 3426 ex
934 3377 1039 3425 basi
1079 3374 1164 3422 ΑΟ
1203 3381 1251 3423 et
1288 3374 1440 3423 latere
1483 3370 1587 3430 ΑΒ,
1628 3380 1807 3431 quaere
1847 3377 1962 3426 ergo
2001 3359 2112 3421 An,
2153 3356 2369 3443 00¹¹]qu-

58 3502 60 3508 ,
109 3452 326 3496 mentum
369 3448 454 3496 ΑΟ
494 3451 540 3495 in
581 3451 827 3509 margine,
881 3453 928 3496 et
966 3447 1053 3507 AI,
1096 3446 1504 3509 complementum
1539 3442 1644 3500 AB,
1686 3452 1862 3503 quaere
1902 3438 1949 3483 in
1989 3448 2118 3495 area,
2157 3431 2371 3495 prodlblt

57 3514 161 3593 *vin
196 3519 391 3584 reliquo
431 3523 649 3583 margine
688 3521 777 3581 HI,
819 3519 1226 3582 complementum
1262 3517 1328 3568 ad
1368 3516 1478 3576 HG,
1519 3512 1752 3575 angulum
1791 3509 2082 3573 quaesitum.

284 3593 441 3641 Detur
480 3595 612 3642 basis
651 3608 759 3642 cum
799 3592 966 3652 latere,
1007 3593 1255 3654 quaeritur
1291 3589 1523 3654 adjacens
1562 3586 1715 3636 lateri.
1794 3583 1855 3632 Et
1894 3583 1940 3629 in
1979 3580 2053 3630 his
2095 3577 2284 3627 duobus
2324 3583 2372 3626 et

84 3666 159 3729 'lin
199 3665 391 3715 duobus
432 3668 674 3729 prioribus
716 3666 913 3715 casibus
952 3678 1130 3727 quaere
1168 3666 1324 3728 primo
1366 3662 1494 3711 latus
1532 3659 1801 3722 reliquum,
1843 3654 1952 3705 inde
1991 3667 2076 3718 per
2115 3659 2370 3715 utrumque

0 3745 14 3792 ἱ
104 3736 239 3789 ‘latus
280 3754 459 3802 quaere
500 3738 747 3802 angulum.

5 3805 13 3817 ”
283 3813 443 3861 Detur
482 3811 610 3861 latus
638 3827 746 3861 cum
774 3810 955 3875 angulo
996 3811 1242 3874 opposito,
1282 3813 1336 3858 ut
1361 3807 1459 3868 ΒΟ,
1501 3805 1647 3865 ΒΑΟ,
1689 3804 1935 3867 quaeritur
1962 3800 2089 3850 latus
2114 3798 2371 3862 reliquum,

112 3884 326 3950 angulus
363 3885 581 3950 reliquus
622 3893 671 3936 et
709 3887 854 3937 basis.
921 3883 1111 3947 Quaere
1139 3882 1305 3933 lateris
1332 3881 1414 3931 BC
1444 3879 1848 3943 complementum
1877 3875 1962 3925 CD
2004 3876 2052 3922 in
2092 3887 2219 3935 area,
2259 3882 2372 3922 tunc

1934 3961 2024 4005 15*
