2652 4088
1008 148 1011 150 ’
1071 142 1118 189 in
1148 141 1267 191 Orbe
1298 142 1468 189 Lunae.
2313 142 2382 200 79

129 301 199 350 At
231 300 330 349 non
366 301 436 348 ita
471 296 655 347 sodalis
692 301 868 358 noster,
920 294 1008 346 sed
1046 294 1178 358 quod
1218 310 1384 344 verum
1423 300 1527 345 erat
1563 296 1666 345 sine
1708 296 2038 344 circumitione
2079 293 2224 355 dixit,
2264 295 2384 343 sub-

129 376 261 437 igere
299 373 410 421 illos
446 372 637 421 Lunam
667 379 719 419 ut
746 384 956 429 massam,
987 370 1190 418 maculis
1230 375 1278 417 et
1314 370 1588 432 nigroribus
1628 384 1735 418 eam
1773 369 2044 429 farcientes,
2086 367 2229 416 simul
2258 367 2386 416 Dia-

130 461 243 495 nam
283 461 391 495 eam
428 446 698 494 salutantes
736 450 785 492 et
819 442 1123 501 Minervam,
1175 442 1317 489 simul
1356 444 1613 490 mixturam
1655 449 1702 491 et
1739 457 1949 490 massam
1990 456 2095 490 eam
2134 442 2385 502 facienteS,

129 521 462 568 fermentatam
502 533 560 567 ex
598 521 709 566 ae‘re
748 515 1015 578 caliginoso
1056 522 1105 563 et
1142 517 1252 576 igne
1293 517 1575 564 carbonario
1601 512 1680 577 ¹⁰),
1723 529 1850 578 qnae
1886 530 1981 562 non
2010 515 2190 563 habeat
2216 517 2387 563 incen-

131 595 318 641 sionem
354 599 440 640 aut
476 589 782 653 splendorem
818 590 1092 651 proprium,
1143 587 1230 636 sed
1269 602 1442 651 corpus
1482 589 1675 637 obscuri
1715 595 1895 648 statue,
1938 587 2070 650 quod
2109 602 2298 650 semper
2339 592 2388 636 et

131 667 373 714 fumorum
424 666 566 726 copia
615 669 808 724 turgeat
847 669 895 710 et
934 660 1136 709 occultis
1174 662 1367 723 ignibus
1418 669 1656 711 torreatur
1692 663 1743 710 in
1782 661 1980 710 modum
2020 675 2185 710 eorum
2222 659 2388 709 fulmi-

133 753 266 800 num,
308 752 436 800 quae
477 735 708 785 delustria
746 741 793 782 et
832 734 973 782 bruta
1011 737 1187 796 poe‘tae
1224 740 1420 782 vocant.

308 809 451 872 Quod
478 811 623 871 igitur
649 809 773 870 ignis
802 808 1129 867 carbonariuS,
1169 806 1443 868 cujusmodi
1473 807 1660 855 Lunam
1686 809 1767 856 isti
1793 808 1991 868 faciunt,
2026 821 2122 855 non
2149 808 2212 855 sit
2239 805 2387 856 dura-

135 884 246 933 bilis
295 897 453 945 neque
504 882 697 929 omnino
736 881 995 941 subsistat,
1045 882 1139 928 nisi
1188 882 1438 928 materiam
1485 880 1693 928 solidam
1742 883 2000 942 invaserit,
2054 895 2180 943 quae
2231 882 2391 943 ipsum

134 959 303 1006 foveat
340 963 389 1003 et
424 957 627 1014 nutriat,
669 953 728 1000 =id
777 959 897 1016 puto
946 952 1118 1002 melius
1171 968 1315 1015 quam
1353 967 1384 1001 a
1420 952 1725 1015 philosophis
1763 953 2009 1001 nonnullis
2063 954 2272 1015 perspici
2326 954 2388 1002 ab

139 1030 251 1088 illis,
291 1030 372 1091 qui
405 1027 522 1089 joco
562 1026 742 1083 dicunt,
783 1026 892 1075 ideo
932 1025 1158 1075 claudum
1185 1025 1426 1088 perhiberi
1452 1025 1742 1087 Vulcanum,
1786 1026 1918 1089 quod
1957 1028 2082 1089 ignis
2110 1028 2213 1074 sine
2241 1026 2389 1088 lign0,

139 1106 268 1151 sicut
304 1100 508 1149 claudus
546 1101 648 1148 sine
687 1101 903 1161 scipione
942 1113 1038 1148 non
1077 1098 1285 1149 incedat.

311 1172 499 1235 Quodsi
537 1175 682 1234 igitur
718 1172 860 1220 Luna
897 1174 1022 1235 ignis
1062 1178 1150 1233 est,
1189 1170 1317 1220 unde
1355 1175 1523 1218 natum
1562 1177 1634 1219 est
1673 1177 1860 1219 tantum
1899 1172 2024 1219 ae'ris
2051 1172 2099 1216 in
2127 1168 2223 1219 ea?
2266 1170 2392 1218 Nam

138 1246 358 1296 sublimis
397 1248 488 1294 iste
526 1245 678 1304 locuS‚
721 1248 802 1307 qui
842 1251 1094 1307 torquetur
1131 1246 1180 1292 in
1219 1243 1465 1304 circulum,
1505 1258 1600 1291 non
1641 1245 1866 1307 equidem
1893 1246 1991 1292 aeri
2019 1243 2279 1306 deputatus
2306 1250 2393 1304 est,

138 1319 227 1370 sed
263 1320 567 1368 substantiae
606 1318 750 1380 longe
789 1319 1127 1380 praestantiori
1166 1323 1215 1366 et
1254 1332 1378 1379 quae
1417 1322 1640 1365 naturam
1680 1319 1850 1366 sortita
1889 1324 1960 1365 est
2001 1319 2162 1365 omnia
2199 1323 2396 1365 attenu-

138 1393 254 1442 andi
293 1399 342 1442 et
382 1392 526 1440 simul
566 1391 869 1441 incendendi.
946 1392 1007 1439 Et
1043 1383 1085 1439 s'i
1123 1399 1266 1438 natus
1313 1398 1413 1449 est,
1465 1392 1547 1452 qui
1586 1390 1662 1452 fit,
1721 1389 1851 1454 qnod
1901 1402 1995 1438 non
2049 1392 2194 1439 etiam
2235 1391 2397 1439 interit

138 1481 304 1515 rursus
331 1467 475 1527 inque
504 1465 649 1513 aliam
675 1466 1099 1527 speciem-transit,
1139 1465 1202 1512 ab
1229 1467 1339 1526 igne
1365 1476 1430 1510 sc,
1472 1478 1732 1512 conversus
1771 1466 1817 1510 in
1845 1470 2068 1511 naturam
2104 1463 2395 1524 aetheream,

137 1539 224 1589 sed
263 1546 578 1588 conservatur
616 1545 664 1586 et
695 1537 946 1586 cohabitat
985 1552 1093 1585 cum
1130 1538 1241 1599 igne
1280 1543 1416 1584 tanto
1451 1537 1553 1599 jam
1581 1542 1812 1600 tempore,
1853 1536 2056 1585 haerens
2086 1537 2258 1584 iisdem
2285 1550 2398 1599 per-

140 1620 287 1677 petuo
326 1613 546 1674 partibus
586 1618 634 1659 et
673 1610 859 1660 defixus
900 1616 950 1658 nt
990 1609 1199 1659 clavus?
1249 1610 1371 1658 Cum
1406 1612 1537 1657 enim
1580 1617 1627 1658 et
1664 1625 1800 1659 rarus
1840 1611 1904 1658 sit
1940 1615 1986 1658 et
2025 1611 2123 1672 igni
2154 1610 2398 1670 confusuS,

140 1688 435 1734 conveniens
475 1692 548 1733 est
585 1686 691 1747 eJus
728 1692 947 1743 naturae,
988 1690 1041 1731 ut
1079 1698 1175 1731 non
1215 1689 1425 1741 maneat,
1465 1682 1551 1731 sed
1591 1683 1876 1745 expellatur.
1928 1682 2248 1732 concretione
2281 1696 2397 1731 vero

138 1759 274 1806 illum
314 1772 419 1806 esse
456 1759 725 1806 revinctum
765 1772 859 1805 non
901 1765 973 1805 est
1010 1757 1266 1819 possibile,
1308 1771 1415 1805 cum
1454 1758 1519 1803 sit
1555 1759 1822 1818 permixtus
1861 1757 1988 1819 igni,
2028 1771 2185 1819 neque
2213 1755 2396 1804 humidi

140 1832 259 1894 quid
298 1832 485 1880 habens
537 1845 695 1893 neque
746 1837 923 1890 terrae,
974 1830 1151 1891 quibus
1198 1829 1316 1877 solis
1366 1833 1448 1877 aer
1488 1843 1793 1878 concrescere
1833 1835 1881 1878 et
1919 1831 2182 1892 constringi
2221 1834 2397 1892 potest.

143 1903 272 1966 Quin
333 1907 478 1952 etiam
537 1905 766 1952 concitati
825 1917 992 1951 cursus
1048 1905 1256 1965 impetus
1312 1903 1612 1951 inflammare
1669 1902 1794 1951 solet
1840 1905 2028 1962 aerem,
2087 1905 2168 1965 qui
2224 1902 2300 1951 vel
2349 1904 2398 1948 in

141 1979 274 2025 saxis
317 1986 390 2025 est
427 1976 507 2025 vel
546 1979 594 2023 in
632 1976 833 2039 plumbo
873 1975 1063 2039 frigido,
1105 1976 1270 2038 quidni
1312 1982 1358 2024 et
1396 1976 1524 2023 hunc
1562 1978 1609 2022 in
1649 1975 1808 2024 medio
1848 1977 1965 2038 igni,
2006 1977 2086 2038 qui
2125 1981 2261 2024 tanta
2287 1989 2399 2038 per-

141 2052 339 2098 nicitate
378 2056 577 2113 gyratur
615 2051 662 2096 in
703 2049 909 2098 orbem?
975 2049 1163 2097 Etenim
1203 2048 1401 2097 offendit
1458 2050 1590 2111 ipsos
1629 2046 1949 2112 Empedocles
1991 2064 2073 2113 e0‚
2125 2049 2256 2112 quod
2295 2048 2398 2096 Lu-

142 2138 252 2171 nam
292 2123 408 2171 sacit
444 2125 629 2170 stiriam
667 2124 792 2171 ae'ris
830 2121 1162 2185 grandineam,
1201 2137 1231 2170 a
1268 2122 1416 2184 globo
1456 2123 1582 2184 ignis
1612 2122 2007 2186 comprehensam
2048 2128 2094 2171 et
2122 2124 2397 2184 obsessam;

144 2211 252 2246 cum
291 2198 384 2259 ipsi
423 2211 449 2245 e
489 2197 728 2244 contrario
767 2195 982 2255 Lunam,
1025 2210 1150 2257 quae
1189 2195 1364 2258 globus
1405 2201 1479 2244 est
1517 2197 1714 2257 igneus,
1767 2197 1815 2243 in
1853 2210 1905 2244 se
1945 2196 2198 2259 complecti
2239 2194 2403 2243 dicant

143 2273 305 2318 aerem
349 2271 555 2332 sparsim
594 2269 688 2318 huc
726 2267 843 2317 illuc
895 2268 1160 2330 divulsum,
1214 2275 1262 2317 et
1300 2269 1392 2317 hoc
1441 2268 1637 2332 quidem
1683 2269 2022 2328 nihilominus,
2075 2269 2301 2332 quamvis
2340 2282 2399 2317 ea

142 2357 301 2406 neque
326 2353 550 2405 rupturas
573 2342 754 2391 habeat
791 2343 839 2389 in
866 2357 933 2403 se,
973 2357 1132 2405 neque
1158 2341 1412 2404 profunda,
1451 2356 1610 2404 neque
1635 2345 1888 2404 cavitateS,
1931 2342 2202 2404 cujusmodi
2230 2341 2400 2390 Lunae

142 2416 215 2464 illi
251 2415 548 2478 relinquunt,
604 2417 686 2478 qui
737 2430 844 2464 eam
892 2423 1095 2465 terream
1142 2417 1350 2476 faciunt,
1404 2415 1490 2464 sed
1529 2417 1624 2478 ipsi
1675 2416 1864 2477 dicunt,
1917 2415 2316 2479 superficietenus
2355 2415 2398 2463 ei

144 2493 304 2538 aerem
342 2490 714 2548 adhaerescere,
764 2491 1062 2538 convexitati
1109 2489 1215 2551 ejus
1264 2489 1511 2551 injectum.
1586 2488 1698 2538 Hoc
1745 2503 1863 2538 vero
1913 2495 1962 2538 et
2012 2489 2183 2538 durare
2227 2489 2400 2536 rationi

143 2570 410 2625 repugnat,
462 2569 511 2611 et
561 2564 781 2625 aspectui
828 2569 996 2625 patere
1036 2564 1084 2609 in
1124 2561 1400 2625 pleniluniis
1449 2562 1750 2625 impossibile
1805 2569 1895 2611 est.
1971 2562 2081 2611 Non
2121 2564 2246 2611 enim
2287 2568 2402 2610 tunc

145 2636 351 2684 discerni
389 2638 545 2698 ipsum
585 2650 746 2698 posse,
787 2643 840 2683 ut
878 2638 1065 2698 nigrum
1105 2644 1151 2684 et
1179 2636 1474 2696 umbrosum,
1515 2636 1599 2684 sed
1634 2650 1923 2685 evanescere
1951 2642 2195 2698 oporteret
2234 2634 2401 2683 occul-

140 2715 310 2768 tatum,
351 2717 436 2757 aut
474 2709 618 2756 simul
657 2723 765 2757 cum
802 2708 991 2771 reliquo
1031 2709 1199 2758 Lunae
1240 2723 1441 2772 corpore
1481 2708 1805 2758 illuminatum
1845 2711 2041 2770 enitere,
2078 2708 2273 2772 quando
2316 2707 2400 2756 Sol

137 2782 270 2831 illius
309 2781 498 2831 vultum
538 2789 761 2844 occupat.
832 2782 1023 2830 Etenim
1061 2797 1211 2846 penes
1250 2796 1339 2830 nos
1379 2785 1462 2830 ae'r
1500 2782 1582 2831 ille
1620 2783 1833 2845 quidem,
1874 2784 1957 2845 qui
1998 2790 2071 2831 est
2108 2785 2157 2829 in
2197 2781 2400 2845 profun-

139 2854 370 2904 ditatibus
410 2862 458 2903 et
496 2856 789 2904 cavitatibus
829 2854 1031 2915 Terrae,
1083 2858 1128 2902 in
1183 2869 1307 2918 quos
1345 2855 1481 2903 nulla
1518 2863 1740 2918 penetrat
1779 2856 1889 2918 lux,
1940 2860 2104 2904 manet
2142 2855 2400 2902 umbrosus

139 2935 187 2978 et
223 2930 327 2977 sine
366 2928 735 2988 illuminatione,
776 2930 861 2991 qui
900 2943 1015 2977 vero
1053 2931 1265 2977 exterius
1292 2929 1454 2978 Terris
1493 2929 1904 2989 circumfunditur,
1948 2928 2217 2977 claritatem
2244 2927 2399 2974 induit

139 3008 188 3050 et
225 3002 434 3050 colorem
484 3002 800 3051 luciformem.
877 3002 964 3050 Est
1012 3004 1139 3051 enim
1191 3017 1299 3051 cum
1346 3004 1395 3050 in
1445 3016 1635 3051 omnem
1688 3002 1972 3066 qualitatem
2018 2999 2396 3062 facultatemque

140 3075 561 3137 contemperabilis
614 3075 752 3124 facile
805 3075 868 3124 ob
915 3076 1190 3135 raritatem,
1245 3083 1345 3123 tum
1386 3090 1499 3123 vero
1540 3077 1775 3137 maxime,
1828 3077 1870 3123 si
1909 3075 2065 3123 lucem
2108 3074 2186 3122 vel
2225 3073 2399 3121 leviter

142 3150 397 3209 contigerit
434 3155 482 3196 et
520 3147 831 3206 delibaverit‚
887 3150 956 3196 uti
996 3147 1181 3208 dicitis,
1230 3155 1361 3196 totus
1411 3150 1541 3196 omni
1580 3156 1717 3211 parte
1759 3154 2108 3197 transmutatus
2148 3146 2397 3195 illumina-

142 3227 219 3269 tur
246 3216 330 3287 ¹¹).
405 3220 516 3270 Hoc
556 3221 683 3269 idem
722 3223 867 3283 igitur
905 3221 1259 3283 perpendamus
1301 3222 1448 3269 etiam
1488 3224 1535 3269 in
1564 3221 1703 3269 Luna
1742 3221 1845 3269 fieri
1885 3221 2072 3279 debere,
2117 3226 2182 3279 ut,
2224 3234 2400 3281 quam-

141 3295 219 3342 vis
257 3293 368 3341 illos
407 3296 597 3356 egregie
636 3294 881 3354 sublevat,
928 3296 1012 3355 qui
1051 3296 1099 3341 in
1140 3294 1308 3342 Lunae
1347 3293 1508 3342 hiatus
1549 3304 1597 3343 et
1637 3293 1885 3342 convalles
1925 3296 2083 3340 ae‘rem
2126 3291 2398 3353 detrudunt,

147 3380 237 3413 vos
275 3373 464 3426 tamen,
518 3368 601 3428 qui
641 3368 998 3415 convexitatem
1039 3367 1145 3428 ejus
1184 3367 1347 3415 nescio
1388 3366 1633 3429 quomodo
1674 3367 2048 3428 contemperatis
2088 3371 2136 3414 et
2173 3366 2402 3414 commis-

146 3440 265 3487 cetis
305 3453 362 3486 cx
403 3441 512 3500 igne
551 3445 599 3486 et
637 3442 772 3498 ae‘re,
827 3439 1012 3486 fortiter
1062 3440 1334 3486 convincat.
1409 3438 1516 3486 Non
1557 3445 1630 3487 est
1669 3441 1795 3486 enim
1835 3438 2097 3500 possibile,
2138 3446 2190 3486 ut
2230 3438 2399 3487 umbra

145 3510 446 3573 relinquatur
483 3512 531 3556 in
570 3511 844 3573 superficie,
899 3509 1093 3572 quando
1146 3510 1204 3558 de
1253 3525 1312 3558 ea
1350 3517 1504 3559 totum
1544 3510 1591 3558 id
1631 3510 1715 3559 Sol
1766 3511 1946 3559 lumine
1994 3524 2083 3558 suo
2134 3510 2399 3574 collustrat,

148 3583 278 3647 quod
319 3591 366 3632 et
404 3597 493 3631 nos
533 3585 720 3632 visione
759 3589 923 3631 nostra
963 3581 1022 3631 dc
1062 3582 1168 3643 ejus
1208 3584 1515 3631 convexitate
1553 3583 1890 3645 praecidimus.

323 3656 497 3704 Adhuc
536 3670 610 3704 me
648 3655 927 3718 loquentem
968 3662 1174 3717 occupat
1213 3654 1611 3717 Pharnaces,
1664 3655 1813 3716 illud,
1864 3658 2114 3720 inquicnS,
2169 3656 2300 3721 quod
2341 3673 2400 3707 ex

151 3729 404 3779 academia
442 3728 796 3792 circumfertur,
846 3742 1031 3776 rursum
1083 3729 1350 3792 nobisrusu
1393 3730 1551 3788 venit,
1595 3743 1702 3788 eos,
1743 3732 1826 3791 qui
1865 3737 2117 3779 versantur
2155 3733 2202 3778 in
2242 3731 2399 3780 disse-

150 3803 299 3851 rendo
339 3810 506 3851 contra
544 3802 682 3861 aliOS,
723 3816 783 3849 nc
823 3801 884 3848 ad
924 3808 1218 3849 momentum
1260 3800 1454 3863 quidem
1493 3804 1722 3864 temporis
1760 3803 1920 3850 locum
1959 3806 2231 3866 permittere
2269 3806 2400 3852 refu-

155 3876 289 3927 tandi
328 3891 408 3938 ea,
442 3889 568 3938 quae
609 3876 702 3938 ipsi
739 3874 918 3924 dicunt.
995 3875 1061 3922 At
1099 3876 1224 3923 enim
1265 3887 1408 3936 vcr0,
1446 3880 1501 3923 ut
1539 3889 1648 3924 cum
1687 3874 2019 3926 defensoribus
2057 3891 2253 3927 suorum
2295 3877 2400 3928 dic-
