2652 4088
783 166 932 218 Notae
961 171 1008 216 in
1027 168 1271 216 Somnium·
1299 169 1679 218 Astronomicnm.
2287 171 2358 229 53

99 319 327 368 Mercurii.
386 319 475 366 Est
496 320 612 378 ,erg'o
639 320 688 368 in
717 331 826 366 vera
854 321 1029 367 orbium
1058 320 1352 378 proportione
1374 318 1615 365 discrimen
1636 318 1974 364 intervallorum
1997 305 2113 366 S’olis
2135 324 2181 367 et
2200 321 2359 367 Lunae

21 388 23 390 ’
98 389 435 434 rectilineorum
475 387 653 434 circiter
690 386 917 434 tricesima
954 387 1119 444 totiuS,
1161 400 1301 443 quare
1341 400 1434 432 uon
1476 386 1618 432 multo
1661 383 1785 430 aliud
1824 385 1982 430 harum
2026 387 2160 432 etiam
2191 387 2358 445 digres-

99 468 292 501 monum.
1345 478 1348 479 ν

272 521 372 568 123.
403 522 466 567 Ut
493 521 650 566 Venus
689 520 834 577 major
870 524 1089 577 appareat
1130 519 1338 565 lunicolis
1380 532 1516 577 quam
1554 515 1801 568 terricolis,
1846 522 2026 574 oportet
2064 525 2110 564 et
2138 519 2360 565 Venerem

20 587 35 598 ⁸
97 586 273 643 Terris,
315 590 362 632 et
389 587 565 632 Lunam
597 585 690 632 Soli
729 598 832 631 esse
869 585 1134 642 proximam.
1196 586 1335 642 Atqui
1373 599 1473 630 cum
1516 589 1586 629 est
1615 584 1748 628 Luna
1778 583 1873 628 Soli
1904 585 2111 641 proxima
2153 587 2200 632 in
2236 587 2358 632 novi-

98 653 224 698 lunio
255 661 426 709 nostro,
459 652 836 700 subvolvanorum
865 651 1002 695 medii
1031 664 1119 695 non
1151 651 1305 696 vident
1328 651 1476 697 Solem
1508 664 1592 696 nec
1622 650 1857 708 Venerem,
1891 665 1990 696 cum
2022 652 2222 698 habeant
2251 659 2360 699 tunc

97 733 226 764 suam
255 720 446 765 mediam
476 726 668 765 noctem.
727 718 1014 775 Relinquitur
1052 717 1189 775 igitur
1218 718 1332 763 haec
1369 719 1593 774 apparitio
1623 717 1701 770 iis,
1746 717 1823 774 qui
1861 717 2099 765 divisorem
2142 720 2357 766 incolunt.

36 784 42 794 ²
97 785 187 830 Est
215 791 366 831 autem
394 785 533 844 paulo
572 785 828 829 evidentius
867 784 1104 829 discrimen
1146 783 1442 841 apparitionis
1473 783 1662 828 Veneris
1700 796 1840 840 penes
1881 784 2179 830 subvolvanos
2225 799 2360 842 quam

97 851 258 896 Martis
288 865 430 909 penes
460 851 685 908 privolvas
717 851 820 907 (etsi
850 850 897 895 bi
928 849 1134 895 divisoris
1159 849 1336 894 incolae
1356 850 1595 905 utriusque
1618 857 1808 905 aspectu
1837 850 1974 906 potiri
1995 852 2223 909 possunt),
2256 851 2362 909 quia

97 915 145 963 in
175 917 614 974 appropinquatione
654 917 861 973 proxima
889 917 1080 961 Veneris
1113 921 1157 962 et
1187 915 1357 961 Terrae
1386 914 1659 971 relinquitur
1689 914 1980 961 intervallum
2011 917 2182 974 25300,
2229 916 2360 973 cujus

98 980 173 1036 (ut
201 981 386 1028 minoris
418 995 552 1039 quam
583 988 683 1027 erat
712 995 852 1040 supra
881 983 1043 1027 Martis
1075 981 1243 1038 36443)
1276 978 1496 1025 diameter
1525 981 1684 1025 Lunae
1715 980 1862 1036 maj0r
1893 984 1964 1024 est
1992 981 2155 1037 portio.

275 1047 373 1093 124.
405 1049 583 1095 Divisor
620 1049 814 1095 circulus
856 1062 996 1105 supra
1035 1048 1249 1093 definitus
1293 1053 1364 1092 est
1402 1059 1485 1103 per
1522 1046 1653 1103 polos
1697 1045 2004 1091 conversionis
2035 1043 2194 1092 Lunae
2232 1061 2355 1093 men·

96 1116 250 1158 struae
280 1115 487 1161 transire.
547 1115 651 1160 Jam
689 1128 794 1162 vero
826 1115 984 1160 L'unae
1025 1115 1175 1159 orbita
1212 1113 1351 1157 habet
1388 1112 1674 1157 latitudinem
1714 1112 1800 1156 hac
1836 1112 1883 1156 in
1922 1111 2131 1164 boream,
2174 1113 2278 1158 illac
2310 1115 2356 1159 in

97 1183 313 1235 anstrum,
349 1187 394 1224 et
425 1182 536 1237 axis,
569 1186 696 1234 cujus
729 1185 931 1225 extrema
963 1180 1070 1238 poli,
1101 1179 1238 1224 rectis
1260 1178 1437 1236 angulis
1459 1179 1644 1235 ponitur
1675 1178 1884 1224 insistere
1914 1177 2051 1235 plano
2084 1181 2362 1225 eccentricae

97 1245 281 1292 orbitae.
326 1248 427 1293 Etsi
458 1249 596 1305 igitur
625 1253 785 1293 neuter
815 1247 1023 1305 polorum
1044 1246 1203 1290 Lunae
1233 1245 1424 1301 propius
1457 1244 1600 1289 altero
1634 1244 1792 1288 annuit
1823 1244 1878 1288 ad
1914 1245 2076 1303 Solem,
2109 1244 2162 1289 fit
2193 1250 2358 1300 tamen,

97 1319 148 1357 nt
178 1312 311 1369 polus
342 1323 527 1361 nostrae
559 1315 808 1373 eclipticae,
841 1327 958 1371 quae
988 1313 1100 1369 ipsis
1131 1316 1346 1357 censetur
1368 1310 1575 1368 ecliptica
1605 1309 1768 1364 media,
1802 1309 1982 1355 differat
2012 1325 2039 1356 a
2060 1311 2164 1367 polo
2187 1312 2362 1357 orbitae

95 1378 270 1435 Lunae,
303 1381 472 1437 quippe
502 1381 575 1426 hic
606 1381 730 1425 illum
763 1380 910 1436 spatio
944 1380 997 1425 19
1029 1391 1251 1423 annorum
1283 1377 1501 1422 circumit.
1565 1377 1674 1420 Cum
1709 1389 1815 1432 ergo
1847 1375 2037 1421 Veneris
2070 1377 2182 1421 situs
2214 1378 2361 1434 requi·-

95 1450 223 1490 ratur
253 1446 373 1491 inter
391 1447 577 1492 Terram
599 1453 645 1492 et
666 1447 831 1505 Solem,
866 1451 1049 1504 oportet
1079 1452 1130 1490 ut
1160 1445 1239 1490 illa
1268 1450 1378 1490 tunc
1409 1443 1617 1488 videatur
1644 1455 1733 1486 non
1756 1455 1839 1499 per
1860 1442 2192 1498 elongationem
2215 1443 2359 1499 longi-

100 1510 285 1565 tudinis,
317 1511 398 1557 sed
429 1525 513 1569 per
543 1513 686 1558 solam
716 1513 1016 1559 latitudinem.
1077 1511 1218 1567 Atqui
1257 1509 1385 1555 limes
1417 1510 1516 1565 ejus
1549 1508 1779 1554 austrinus
1813 1516 1882 1554 est
1913 1509 1958 1553 in
1991 1509 2118 1565 signo
2149 1510 2360 1566 Piscium,

98 1576 387 1623 intervallum
431 1577 530 1635 ejus
569 1580 796 1637 aphelium
831 1595 923 1625 non
954 1581 1090 1638 longe
1121 1584 1245 1634 ante,
1277 1578 1322 1622 in
1354 1578 1577 1636 principio
1608 1576 1818 1634 Aquarii3
1861 1575 2039 1620 videtur
2069 1582 2220 1621 autem
2252 1583 2363 1622 tunc

100 1653 159 1686 ex
187 1642 330 1688 Terra
370 1650 415 1689 et
444 1645 578 1690 Luna
615 1645 662 1690 in
700 1647 939 1692 contrariis
979 1646 1118 1702 signis
1148 1645 1317 1690 Leonis
1362 1651 1407 1690 et
1438 1643 1650 1699 Virginis.
1712 1643 1760 1688 Si
1799 1654 1907 1697 ergo
1949 1641 2087 1698 polus
2113 1643 2272 1687 Lunae
2304 1643 2375 1687 ad>

98 1705 212 1752 haec
251 1708 380 1765 sigua
423 1711 659 1769 eclipticae
700 1713 876 1758 mediae
915 1713 1095 1769 annuit,
1141 1712 1187 1756 in
1228 1711 1561 1768 septentriones
1599 1710 1720 1762 nuit,
1763 1713 1809 1752 et
1847 1707 1912 1753 sic
1943 1720 2087 1752 nuens
2119 1709 2295 1753 rectius
2318 1713 2364 1753 et

100 1773 351 1821 evidentius
382 1777 536 1822 videre
565 1783 720 1836 potest
749 1779 971 1824 Venerem
1004 1777 1089 1824 sub
1121 1776 1226 1823 Sole
1256 1790 1340 1834 per
1369 1776 1470 1833 eius
1501 1775 1808 1832 latitudinem,
1839 1773 2008 1831 quippe
2039 1772 2363 1831 latitudo'ipsa

99 1840 246 1898 major
273 1848 345 1886 est
373 1843 582 1901 apheliae
613 1858 747 1902 quam
778 1845 1039 1902 periheliae.
2351 1865 2353 1868 ·

273 1910 373 1956 125.
407 1912 572 1956 Carent
603 1917 850 1970 conspectu
880 1912 1060 1968 Lunae,
1099 1909 1314 1966 intellige·
1341 1914 1560 1965 tanquam
1600 1908 1728 1952 inter
1758 1907 1907 1952 sidera
1945 1906 2184 1952 currentis.
2245 1907 2363 1952 Nam

101 1986 203 2019 cum
237 1987 334 2020 eam
365 1977 631 2035 inhabitent,
664 1986 714 2023 ut
739 1977 835 2035 jam
866 1979 1090 2035 fingimus,
1123 1977 1188 2022 sic
1221 1989 1320 2021 eam
1351 1974 1519 2031 vident,
1551 1979 1603 2020 ut
1632 1987 1716 2018 nos
1747 1979 1951 2035 nostram
1983 1971 2186 2016 Terram.

273 2040 373 2087 126.
405 2044 476 2089 De
503 2044 754 2090 visibilibus
786 2045 1015 2090 diametris
1047 2043 1209 2100 agitur,
1241 2055 1332 2087 non
1363 2040 1420 2085 de
1451 2041 1586 2085 veris.
1627 2040 1777 2098 Igitur
1805 2039 1966 2083 Lunae
2000 2036 2229 2095 apogaeae
2259 2040 2364 2085 visi-

100 2103 204 2151 bilis
243 2107 577 2154 semidiameter
617 2116 687 2155 est
721 2112 809 2167 15⁴,
853 2116 901 2156 at
938 2107 1186 2167 parallaxis
1230 2107 1436 2162 ejusdem
1478 2106 1639 2151 eodem
1677 2106 1723 2149 in
1765 2109 1854 2150 situ
1887 2110 1956 2150 est
1988 2105 2058 2150 58⁴
2089 2105 2196 2160 22⁴¹,
2241 2106 2364 2164 quod

98 2171 236 2228 paulo
265 2173 412 2219 miuus
441 2182 512 2221 est
543 2190 677 2234 quam
700 2179 769 2234 60,
804 2177 1107 2236 quadruplum
1132 2177 1188 2222 de
1208 2178 1280 2221 15.
1323 2174 1504 2231 Quanta
1532 2188 1638 2220 vero
1673 2180 1742 2219 est
1763 2173 2008 2231 parallaxis
2029 2174 2202 2231 Lunae,
2234 2181 2365 2221 tanta

100 2237 268 2283 Terrae
298 2230 655 2289 semidiametros
686 2247 951 2302 appareret,
991 2243 1029 2287 si
1069 2242 1229 2288 oculus
1259 2241 1306 2285 in
1338 2241 1471 2286 Luna
1501 2246 1638 2286 esset.
1701 2240 1788 2285 Est
1818 2252 1926 2297 ergo
1957 2240 2192 2297 proportio
2225 2240 2362 2296 paulo

99 2302 246 2349 minor
274 2307 545 2366 quadrupla,
577 2323 695 2367 quae
727 2310 959 2367 duplicata
987 2309 1039 2356 fit
1069 2309 1206 2367 paulo
1237 2309 1384 2354 minor
1414 2306 1674 2366 sedecupla,
1705 2307 1752 2352 id
1784 2311 1855 2351 est
1885 2306 2030 2364 major
2060 2307 2365 2366 quindecupla

18 2379 19 2416 1
100 2366 327 2415 diacorum
356 2376 683 2430 apparentium.
744 2376 868 2422 Ecce

327 2437 402 2544 {21
431 2438 520 2546 2⁸32:
549 2440 713 2558 ἓξὲξ
742 2441 899 2557 ¹123&
959 2440 1134 2546 13ξέξὲ
1171 2472 1299 2524 (Part.
1320 2483 1507 2522 sexages.
1528 2482 1577 2512 ex
1596 2468 1801 2513 chiliade.
1834 2472 1932 2516 Vol.
1955 2473 2051 2517 vn.
2083 2484 2128 2524 P.
2152 2474 2235 2514 391
2260 2469 2332 2527 ss.)

328 2572 570 2629 Propertio
601 2579 673 2620 est
959 2561 1207 2620 135868-

329 2638 600 2696 Duplicetur
629 2651 698 2695 ea,
731 2645 783 2686 ut
813 2640 872 2686 sit
956 2640 1142 2686 271736.

232 2738 235 2739 γ
273 2705 361 2750 Hic
397 2718 613 2750 numerus
658 2711 709 2750 ut
753 2706 894 2762 logar.
929 2705 1163 2763 logisticus
1206 2703 1403 2751 ostendit
1434 2703 1479 2749 3‘
1509 2702 1612 2749 58¹¹.
1671 2703 1798 2760 Ergo
1834 2704 1871 2748 si
1911 2703 2064 2750 discus
2096 2705 2262 2750 Terrae
2294 2712 2365 2751 est

102 2771 190 2830 60¹,
221 2771 382 2817 Lunae
413 2777 484 2816 est
505 2773 545 2815 3¹
569 2770 676 2827 58¹¹3
708 2784 808 2816 cum
829 2773 870 2817 4¹
893 2772 951 2816 0¹⁴
982 2772 1042 2818 sit
1073 2771 1357 2829 quindecima
1379 2770 1434 2815 de
1456 2772 1525 2819 60.
1559 2782 1668 2827 ergo
1690 2770 1924 2827 proportio
1955 2770 2093 2827 paulo
2114 2772 2259 2829 major
2279 2779 2361 2818 est.

278 2836 376 2882 127.
408 2836 524 2893 Quia
553 2837 686 2891 Luna
716 2839 916 2884 maculas
949 2852 1126 2895 semper
1154 2839 1333 2882 easdem
1358 2838 1555 2883 obvertit
1574 2837 1756 2889 Terrae,
1791 2835 1912 2881 linea
1931 2837 2070 2895 igitur
2090 2846 2363 2884 connectens

101 2908 253 2949 centra
285 2903 453 2948 Terrae
492 2909 538 2948 et
568 2903 727 2948 Lunae
766 2910 890 2950 secat
934 2903 1218 2962 superficiem
1248 2903 1407 2948 Lunae
1448 2915 1628 2960 semper
1664 2902 1709 2945 in
1742 2902 1899 2947 eadem
1940 2903 2132 2949 macula.
2193 2905 2255 2949 Et
2287 2905 2364 2961 qui

99 2966 321 3013 maculam
352 2968 477 3013 illam
505 2968 782 3026 inhabitant,
823 2970 889 3015 illi
920 2971 1105 3015 Terram
1139 2976 1365 3025 nostram,
1409 2968 1456 3012 id
1488 2974 1558 3014 est
1589 2968 1763 3012 volvam
1797 2981 1944 3025 suam,
1986 2983 2162 3026 semper
2192 2970 2364 3015 habent

100 3033 149 3078 in
178 3033 359 3079 vertice.
413 3033 534 3090 Quot
563 3047 668 3079 vero
699 3034 912 3091 gradibus
942 3035 1100 3082 circuli
1130 3036 1281 3092 magni
1313 3034 1502 3092 quilibet
1533 3035 1661 3081 locus
1694 3035 1834 3080 distat
1864 3036 1921 3081 ab
1953 3035 2040 3080 hac
2071 3035 2262 3091 macula,
2295 3042 2362 3080 to·-

98 3097 239 3144 tidem
269 3097 482 3154 gradibus
512 3098 557 3143 in
588 3097 716 3144 coelo
747 3099 923 3146 videtur
954 3100 1010 3145 ab
1043 3101 1142 3156 eJ‘us
1172 3101 1339 3146 vertice
1371 3099 1599 3146 declinare
1632 3102 1789 3149 Volva.

278 3164 379 3210 128.
410 3165 486 3210 Fit
517 3165 669 3222 aliqua
699 3167 902 3223 corporis
932 3167 1127 3212 Lunaris
1159 3167 1392 3212 conversio
1425 3166 1573 3223 spatio
1605 3177 1857 3225 menstruo,
1889 3172 1987 3212 toto
2019 3166 2137 3212 enim
2170 3166 2361 3213 circuitu

99 3232 261 3279 faciem
292 3231 482 3277 eandem
512 3233 663 3277 Terris
694 3233 908 3288 obvertit,
942 3232 1064 3289 quod
1096 3233 1332 3278 confirmat
1363 3232 1492 3278 nobis
1525 3237 1806 3280 macularum
1838 3239 2060 3291 perpetua
2091 3234 2362 3278 constantia.

53 3291 63 3298 ’
103 3301 214 3347 Cum
244 3304 395 3343 autem
426 3299 581 3355 Terra,
613 3299 659 3344 id
689 3306 760 3344 est
789 3298 947 3354 Volva,
979 3297 1213 3343 circumire
1243 3299 1449 3343 videatur
1479 3307 1711 3347 menstruo
1745 3300 1892 3358 spatio
1922 3312 2005 3357 per
2035 3304 2180 3343 totum
2211 3299 2361 3345 zodia-

101 3379 215 3419 cum,
248 3364 382 3409 etiam
413 3363 571 3408 Lunae
600 3363 738 3410 facies
769 3379 860 3411 una
889 3378 991 3411 cum
1023 3377 1077 3408 ea
1108 3365 1332 3420 circumit,
1377 3370 1557 3409 vertens
1590 3379 1639 3411 se
1682 3380 1803 3411 nunc
1834 3366 1878 3409 in
1911 3366 2132 3409 Cancrum
2164 3378 2284 3410 nunc
2315 3365 2360 3411 in

102 3430 363 3491 capricorni
394 3430 651 3487 oppositum
682 3431 886 3489 signum3
922 3431 1044 3486 quod
1076 3438 1146 3476 est
1176 3432 1391 3477 converti.
1453 3431 1620 3476 Verum
1651 3432 1731 3486 iis,
1767 3430 1843 3487 qui
1874 3431 1916 3474 in
1949 3430 2079 3474 Luna
2109 3436 2236 3487 sunt,
2269 3444 2361 3476 non

49 3503 75 3554 ’,
101 3503 291 3556 apparet
320 3496 421 3553 ipsa
451 3495 677 3553 converti,
722 3496 802 3541 sed
840 3495 1033 3541 habetur
1071 3511 1153 3553 pro
1186 3497 1471 3554 quiescente,
1514 3498 1631 3541 sicut
1663 3498 1804 3542 Terra
1835 3502 1991 3541 nostra
2022 3496 2151 3541 nobis
2183 3496 2361 3542 videtur

103 3564 354 3620 quiescere.
414 3561 536 3616 Ergo
568 3560 664 3606 vice
694 3561 854 3607 Lunae
893 3561 1068 3606 coelum
1107 3562 1254 3618 ipsum
1286 3562 1486 3608 converti
1524 3564 1704 3609 videtur
1733 3564 1776 3608 in
1809 3563 2080 3620 oppositum.
2147 3563 2363 3621 Sequitur

101 3629 254 3688 igitur,
286 3641 387 3674 esse
418 3628 551 3672 etiam
592 3627 680 3672 duo
724 3628 839 3673 coeli
871 3634 1060 3685 puncta,
1106 3628 1224 3673 circa
1263 3641 1380 3684 quae
1420 3635 1634 3685 tanquam
1665 3629 1908 3675 immobilia
1938 3630 2113 3675 coelum
2151 3629 2205 3675 iis
2237 3644 2359 3676 men-

109 3693 315 3742 amatim
348 3692 487 3739 semel
519 3693 718 3739 converti
750 3692 939 3739 videtur.
998 3692 1084 3738 Illa
1114 3695 1205 3752 poli
1238 3695 1540 3752 appellantur.

278 3758 377 3807 129.
410 3760 455 3805 Si
486 3760 584 3805 axis
615 3759 774 3803 Lunae
812 3765 1015 3807 maneret
1047 3760 1288 3818 parallelus
1329 3762 1403 3807 axi
1434 3762 1630 3808 Telluris
1669 3762 1715 3807 in
1747 3766 1842 3808 toto
1882 3760 2094 3819 circuitu,
2133 3760 2359 3807 interdum

104 3833 244 3873 novas
273 3826 475 3872 maculas
506 3827 626 3872 circa
657 3838 779 3871 oram
809 3825 971 3872 Lunae
999 3826 1393 3885 septentrionalem
1418 3836 1463 3873 et
1483 3828 1726 3873 australem
1747 3827 2013 3883 videremus,
2042 3833 2151 3872 tunc
2173 3826 2358 3884 scilicet,

68 3924 72 3926 -
104 3887 207 3938 uim
234 3889 410 3940 limam
440 3892 535 3939 Soli
566 3890 899 3951 oppositamiu
930 3890 1104 3940 Cancro
1134 3891 1205 3938 vel
1237 3892 1511 3951 Capricorno
1543 3893 1779 3941 cernimus.
1820 3893 1964 3941 Linea
1984 3893 2102 3939 enim
2124 3907 2181 3940 ex
2203 3899 2356 3940 centro
