2652 4088
207 201 211 206 -
277 174 385 231 546
1069 169 1298 217 Judicium
1329 169 1489 215 matris
1518 167 1717 226 Kepleri.

280 321 472 373 Theilss
511 319 834 382 angeriihrten
872 319 1182 383 generalibus
1221 319 1618 369 distinctionibus
1643 319 1743 369 vnd
1777 317 2125 370 erinnerliehen
2158 317 2530 381 conditionibus,

281 393 462 445 welche
501 406 599 442 von
639 391 731 442 den
771 393 1000 456 allegatis
1035 393 1335 442 Doctoribus
1373 398 1560 456 gesetzt
1608 392 1724 443 oder
1773 394 1987 456 gemeint
2023 390 2246 451 worden,
2292 392 2531 440 verwahrt

272 468 435 516 haben
472 465 598 515 will:
617 493 671 499 —
695 468 749 514 Si
777 470 979 527 qualitas
1004 470 1119 526 facti
1148 471 1337 515 nonnisi
1356 484 1386 514 a
1404 471 1609 526 foemina
1637 472 1705 516 vel
1717 483 1865 528 puero
1895 471 1965 515 vel
1991 483 2085 516 uno
2108 470 2252 528 prodi
2273 472 2427 525 potest
2435 483 2452 523 ;
2489 469 2532 513 si

263 550 357 594 pro
376 536 468 582 reis
479 534 700 593 producti
709 552 726 591 ,-
756 536 798 580 si
815 535 879 580 ad
898 535 1322 580 adminiculandam
1340 535 1527 580 indiciis
1546 537 1734 581 seorsim
1764 537 1956 592 idoneis,
1986 541 2039 582 ut
2057 541 2212 582 tamen
2240 534 2530 590 semiplenam

267 601 591 658 probationem
623 601 712 645 soli
739 613 836 645 non
863 600 1066 656 faciant3
1095 601 1136 645 si
1157 600 1211 644 de
1231 600 1443 655 maleficii
1462 613 1651 657 corpore
1669 606 1840 646 constet
1856 602 2053 658 publice,
2084 602 2252 647 author
2270 613 2376 646 vero
2397 611 2532 656 quae-

270 667 415 712 ritur.-
443 673 552 712 nam
583 666 719 710 aliter
749 678 915 722 corpus
944 666 1150 711 criminis
1179 666 1383 722 difficilis
1413 671 1478 711 est
1500 667 1819 722 probationis,
1849 672 1902 712 ut
1931 665 2247 723 homicidium,
2279 666 2429 712 subito
2461 665 2533 710 de—

269 731 473 777 siderata
493 743 721 788 persona,
760 730 1103 787 spoliis'tamen
1134 731 1260 788 apud
1288 730 1459 776 socium
1490 733 1877 788 comparentibus,
1917 738 1969 778 ut
1998 733 2206 787 morbus,
2231 730 2532 788 praecedente

265 798 443 855 maqica
463 797 739 852 ceremonia,
771 801 824 842 ut
851 797 1127 842 adulterium
1148 797 1436 853 deprehensis
1468 796 1620 841 eodem
1649 798 1761 842 lecto
1785 798 1999 854 personis
2005 814 2022 854 ;
2052 798 2188 842 aliter
2219 794 2389 842 author
2416 797 2531 852 facti

263 877 352 921 per
381 876 427 909 se
456 856 708 919 manifesti,
750 868 803 908 ut
830 863 872 908 si
900 850 1022 907 daesi
1059 861 1255 905 cadaver
1294 861 1346 905 in
1376 867 1640 918 conspectu,
1687 868 1770 908 aut
1805 863 1847 908 si
1873 877 1987 922 yreae
2026 863 2174 908 omnis
2211 867 2253 907 et
2281 863 2323 907 is
2351 861 2527 917 unicus,

271 929 425 974 eodem
453 934 652 985 tempore
682 933 874 984 enectus,
905 929 1036 983 nulla
1065 927 1322 984 suspicione
1351 928 1493 972 ullius
1523 940 1690 972 causae
1719 930 1951 973 naturalis
1959 945 1974 984 ;
2007 928 2144 972 aliter
2173 927 2365 985 denique
2384 928 2426 972 si
2451 940 2533 972 nec
2624 960 2633 969 .

269 995 325 1040 de
362 1008 553 1052 corpore
590 994 804 1049 maleficii
842 998 962 1047 certo
1004 997 1197 1048 constet,
1243 1006 1327 1037 nec
1368 993 1582 1039 authoris
1613 994 1853 1049 praetensi
1886 994 2063 1049 factum
2103 1006 2245 1050 neque
2289 993 2531 1049 qualitatis

273 1067 509 1120 suspectae
540 1061 611 1116 (ut
640 1061 682 1105 si
709 1065 877 1115 tactus,
910 1072 1048 1103 curae
1079 1071 1232 1114 causa,
1256 1072 1363 1115 pes,
1396 1058 1568 1102 dudum
1596 1058 1925 1115 inflammatus,
1954 1059 2222 1114 ulceretur),
2254 1072 2398 1116 neque
2426 1072 2530 1104 con-

267 1127 436 1183 fessum
467 1127 538 1182 (ut
567 1125 608 1171 si
628 1125 793 1182 pedem
822 1134 901 1182 eqo
932 1124 1090 1168 leviter
1120 1123 1311 1178 doleam,
1343 1123 1429 1168 tibi
1456 1123 1712 1178 venificium
1742 1124 1972 1180 imputem,
2001 1138 2144 1182 neque
2173 1130 2225 1170 tu
2253 1136 2322 1168 me
2350 1129 2529 1181 percus—

267 1193 378 1239 sisse
406 1191 646 1248 fatearis),
689 1190 770 1235 ubi
798 1203 1087 1252 nequaquam
1119 1189 1346 1234 atrocitas
1376 1188 1581 1234 criminis
1613 1188 1800 1245 (quippe
1838 1202 1920 1234 nec
1949 1202 2005 1234 ex
2042 1191 2166 1246 facto
2191 1202 2421 1247 personae
2449 1203 2530 1235 nec

267 1271 323 1302 eoe
360 1257 513 1302 delicti
552 1270 742 1314 corpore
780 1256 965 1313 liquidi)
1009 1255 1271 1301 crudelitati
1303 1253 1664 1311 praetendenda.
1734 1253 1819 1299 Ita
1854 1254 1897 1299 si
1925 1258 2134 1311 stuprum
2172 1255 2274 1312 quis
2317 1255 2531 1300 obtulerit

257 1324 443 1380 puellae
472 1323 745 1368 immaturae
773 1322 841 1366 vel
863 1335 1036 1379 puero,
1068 1326 1150 1366 aut
1178 1321 1220 1365 si
1247 1321 1378 1376 facta
1402 1320 1591 1377 publica
1622 1325 1663 1365 et
1694 1319 1844 1374 clara,
1886 1324 1938 1364 ut
1968 1320 2266 1366 solennitates
2293 1320 2529 1376 foederum

264 1388 317 1432 in‘
344 1400 492 1433 annos
521 1391 612 1441 100,
642 1391 724 1432 aut
752 1386 794 1431 si
821 1387 995 1442 factum
1026 1386 1168 1432 oculis
1198 1386 1432 1431 hominum
1450 1383 1735 1439 subjiciatur,
1766 1396 1848 1428 nec
1878 1397 1983 1430 acre
2001 1385 2234 1441 judicium
2263 1390 2306 1431 et
2327 1386 2528 1443 pruden-

265 1454 379 1498 tiam
406 1451 625 1510 requirat.
685 1451 754 1497 Et
783 1452 902 1497 alias
921 1451 1238 1507 juramentum
1261 1450 1452 1508 puberis
1479 1450 1595 1506 facti
1622 1463 1718 1495 non
1737 1450 1945 1496 subvenit
1975 1453 2194 1498 labilitati
2223 1458 2265 1498 et
2296 1454 2530 1499 erroribus

267 1518 513 1563 memoriae
541 1516 802 1573 impuberis,
836 1517 1144 1562 diuturnitate
1164 1515 1271 1571 jam
1300 1516 1370 1561 vel
1401 1516 1625 1561 obsoletae
1653 1516 1723 1560 vel
1752 1516 1984 1572 confusae.
2045 1518 2164 1564 Item
2198 1518 2347 1564 Testes
2376 1519 2528 1578 sinqu-

266 1583 388 1628 lares
419 1582 482 1627 ad
503 1582 831 1639 probationem
859 1581 1073 1637 maleficii
1101 1582 1153 1626 in
1180 1594 1343 1638 qenere
1374 1579 1692 1638 conjungendi,
1723 1582 1766 1625 si
1789 1595 1853 1626 sc.
1872 1595 1968 1628 non
1990 1584 2236 1640 colludant,
2266 1584 2309 1628 si
2327 1597 2422 1629 non
2441 1585 2528 1629 ini-

265 1647 384 1703 mici,
415 1647 458 1692 si
487 1646 683 1704 leqitime
715 1647 983 1702 examinati,
1015 1647 1057 1691 si
1087 1659 1143 1691 ex
1175 1646 1459 1703 depositione
1489 1647 1772 1692 commodum
1799 1662 1895 1693 non
1913 1655 2093 1707 sperent
2114 1654 2210 1703 etc„
2242 1651 2284 1694 si
2312 1650 2529 1695 nimirum

265 1714 365 1760 sola
394 1714 510 1771 ipsis
541 1711 790 1768 objiciatur
818 1713 1133 1770 sinqularitas‚
1165 1713 1207 1757 si
1237 1713 1432 1758 tendant
1463 1713 1526 1758 ad
1554 1728 1698 1758 unum
1729 1716 1899 1760 crimen
1927 1729 2029 1761 now
2051 1720 2222 1760 mentes
2248 1715 2529 1760 solummodo

262 1780 443 1825 testium
472 1779 797 1837 singularium,
844 1779 923 1823 sed
966 1779 1095 1835 ipsae
1127 1780 1265 1823 etiam
1306 1778 1537 1834 factorum
1573 1779 1879 1837 sinyularium
1909 1782 2176 1839 qualitates,
2218 1780 2272 1825 de
2301 1781 2464 1837 quibus
2492 1781 2528 1824 ii

264 1845 486 1903 deponere
497 1850 709 1903 possunt,
741 1845 782 1890 si
811 1845 929 1890 talia
959 1843 1132 1900 dicant,
1164 1856 1280 1901 quae
1309 1848 1449 1889 noctu
1481 1849 1524 1889 et
1552 1845 1604 1890 in
1636 1847 1808 1893 abditis
1837 1847 1948 1892 locis
1969 1850 2325 1904 perpetrantur,
2363 1845 2404 1890 si
2432 1859 2527 1890 non

260 1911 571 1968 indifferentia
590 1911 684 1956 sint
697 1923 1006 1968 personarum
1022 1910 1151 1965 facta
1163 1945 1174 1967 ,
1206 1910 1286 1956 sed
1305 1923 1542 1968 maqorum
1554 1912 1766 1969 propria.
1829 1909 2055 1972 Denique
2071 1921 2179 1971 ,quo
2206 1907 2375 1956 tendat
2401 1907 2525 1956 alle-

259 1983 393 2044 gatio
433 1980 732 2030 crudelitatis
780 1995 839 2030 ex
877 1979 1142 2043 Bodin0,
1169 1986 1249 2037 =ut
1286 1995 1443 2045 ‚quam
1495 1995 1638 2030 nemo
1679 1981 1946 2031 Doctorum
1984 1983 2230 2044 sequitur,
2272 1979 2527 2043 diligenter

263 2055 562 2105 observetur.
1888 2102 1889 2106 Ἰ

436 2127 549 2176 Von
589 2125 673 2176 der
711 2126 1010 2190 Exceptione
1048 2127 1097 2174 in
1135 2140 1187 2175 re
1224 2127 1423 2190 propria
1459 2127 1523 2175 ist
1560 2125 1767 2176 albereit
1805 2126 1988 2179 droben
2029 2128 2112 2177 der
2148 2126 2366 2177 Notturft
2401 2125 2527 2176 nach

262 2200 526 2264 gehandlet
561 2198 773 2249 worden.
848 2199 1026 2263 Dabey
1064 2199 1198 2247 nicht
1235 2213 1349 2248 auss
1391 2197 1474 2248 der
1512 2198 1627 2249 acht
1665 2199 1905 2262 zulassen,
1937 2204 1979 2250 si
2005 2203 2235 2249 Interesse
2265 2208 2308 2249 et
2337 2216 2526 2248 commo-

263 2270 372 2316 dum
401 2270 528 2322 testis
555 2269 617 2315 sit
636 2274 819 2324 certum,
849 2269 919 2314 vel
939 2281 1028 2326 per
1046 2269 1351 2314 necessariam
1371 2269 1736 2326 consequentiam
1757 2282 1813 2316 ex
1834 2283 1988 2326 causa,
2019 2269 2070 2314 in
2098 2283 2191 2327 qua
2220 2269 2527 2315 testimonium

258 2335 385 2390 tulit,
410 2335 673 2392 proveniat,
707 2333 828 2393 quod
856 2340 986 2390 tunc,
1016 2347 1112 2380 non
1142 2339 1320 2380 attenta
1350 2333 1640 2391 quorundam
1671 2334 1926 2381 Doctorum
1955 2334 2208 2381 traditione
2239 2334 2338 2393 (qui
2366 2335 2526 2380 volunt

256 2401 483 2448 Interesse
511 2401 563 2446 in
594 2401 959 2459 consequentiam
987 2413 1083 2446 non
1111 2402 1324 2458 repellere
1353 2399 1529 2455 testem)
1570 2399 1717 2445 omnis
1747 2400 1984 2447 adimatur
2012 2401 2118 2447 testi
2138 2398 2368 2457 producto
2398 2399 2523 2456 fides.

263 2468 499 2536 (FelinuS‚
540 2469 953 2532 PedemontannS,
994 2464 1296 2533 SicharduS.)

433 2542 748 2604 Anlangendt
787 2542 885 2609 den,
917 2542 1307 2606 nachsolgenden
1346 2542 1442 2591 Tit.
1487 2541 1849 2605 „Exceptiones
1889 2548 2058 2593 contra
2095 2541 2228 2591 dicta
2266 2542 2515 2604 testium“,

259 2613 371 2666 dess
408 2614 839 2679 Beutelspachers,
881 2615 964 2665 der
1001 2616 1270 2680 Zieglerin,
1326 2615 1409 2664 der
1447 2614 1592 2664 Anna
1629 2614 1788 2664 Maria
1826 2613 2112 2677 Meisterlin‚
2151 2613 2314 2664 seindt
2352 2614 2521 2665 solche
2590 2639 2598 2642 ·

261 2687 346 2738 des
385 2687 665 2751 Clagenden
694 2688 952 2738 Anwaldts
990 2689 1317 2752 gegenwiirffe
1357 2688 1563 2738 albereit
1612 2688 1824 2738 hieoben
1865 2689 1960 2754 bey
1998 2687 2395 2752 Widertreibung
2434 2688 2518 2738 des

261 2766 308 2811 4.
348 2760 523 2811 Indicii
559 2761 658 2811 vnd
698 2761 899 2812 drinnen
949 2763 1261 2826 angegebner
1298 2760 1599 2824 Verletzung
1644 2775 1705 2810 zu
1755 2760 2042 2811 rechtlicher
2077 2760 2312 2811 Notturfft
2362 2761 2519 2825 abge-

265 2834 388 2884 lemt
424 2832 558 2956 313ae
562 2849 739 2957 egel—m
778 2908 969 2958 Decani
1009 2907 1150 2957 dictis
1187 2907 1340 2957 lasset
1380 2922 1430 2956 88
1466 2906 1689 2957 Peinlich
1715 2906 1973 2970 Bcclagtin
2010 2907 2084 2956 vff
2116 2905 2202 2956 des
2226 2904 2383 2956 Herrn
2409 2906 2519 2956 An..

265 2962 440 3030 waldts
479 2980 839 3044 eingewendter
876 2983 1163 3030 excusation
1200 2979 1494 3045 bewenden,
1547 2978 1704 3028 soviel
1756 2978 2133 3044 aussdingendt‚
2187 2979 2300 3029 dass
2351 2980 2517 3030 solche
2561 2989 2567 2998 '

259 3053 385 3103 auch
422 3053 505 3102 Ihr
529 3053 762 3117 Keplerin
791 3054 1111 3117 obgedingter
1132 3068 1327 3103 massen
1365 3067 1479 3102 vom
1504 3052 1702 3101 Richter
1737 3054 1947 3115 passiert
1975 3053 2160 3115 werde3
2201 3051 2288 3102 das
2313 3052 2513 3117 Vberig,

259 3142 361 3176 was
400 3126 530 3176 albic
580 3140 679 3176 von
729 3127 814 3175 des
853 3125 1142 3176 Schneiders
1189 3140 1361 3190 wegen
1401 3125 1710 3186 widerholet,
1760 3125 1953 3174 hinauff
1984 3142 2046 3175 an
2084 3128 2188 3175 sein
2226 3125 2367 3189 stelle
2404 3141 2517 3175 zum

265 3205 312 3250 4.
351 3199 539 3248 Indicio
588 3198 687 3249 vnd
726 3199 1002 3249 daselbsten
1046 3203 1092 3249 5.
1133 3198 1382 3263 Clagende
1421 3199 1606 3248 Person
1653 3198 2017 3252 verweissendt,
2091 3197 2400 3249 Betreffendt‘
2429 3199 2514 3248 des

261 3272 422 3323 Herrn
458 3271 772 3336 Vndervogts
812 3272 955 3334 dicta,
997 3271 1112 3322 alda
1151 3272 1235 3321 der
1259 3269 1704 3321 Fiirstl.-Anwaldt
1743 3270 1820 3319 die
1856 3273 2077 3335 regulam
2108 3272 2249 3335 jurIS,
2290 3272 2348 3321 de
2374 3271 2515 3321 dictis

257 3347 454 3395 testium
490 3359 587 3394 non
627 3345 940 3404 cavillandis„
990 3345 1077 3395 sed
1123 3346 1333 3408 benigne
1366 3343 1626 3408 juvandiS,
1680 3349 1848 3393 contra
1885 3347 2110 3394 miseram
2147 3345 2417 3410 captivam,
2466 3349 2516 3394 et

255 3419 304 3466 in
348 3418 545 3481 capitali
598 3418 792 3481 quidem
839 3419 1230 3479 circumstantia,
1281 3424 1427 3480 gantz
1476 3416 1830 3480 ohngcreumbt
1879 3418 2145 3480 einfiihret,
2198 3419 2263 3466 ist
2305 3417 2511 3467 hiervon

258 3490 417 3552 gleich
455 3490 592 3540 baldt
628 3491 754 3540 nach
795 3490 905 3541 dem
953 3493 1162 3556 cingang
1213 3490 1368 3540 disset
1406 3487 1623 3550 Schrifft,
1671 3489 1800 3538 beim
1842 3495 1887 3539 1.
1927 3490 2115 3541 Indicio
2158 3491 2512 3554 „corruptionis

260 3562 472 3623 judicis“
515 3563 1063 3627 ohnwidersprechliche
1103 3565 1483 3613 demonstration
1520 3561 1702 3626 gethon
1740 3562 1952 3615 worden.
2290 3558 2296 3564 ’

430 3635 690 3686 Demnach
738 3651 836 3685 nun
877 3636 961 3685 der
998 3637 1217 3700 Glagend
1255 3635 1487 3685 Anwaldt
1534 3649 1644 3683 zum
1681 3634 1870 3684 schluss
1914 3636 2020 3686 sich
2056 3635 2337 3701 gewendet,
2391 3635 2509 3686 allss

258 3719 420 3756 muess
468 3709 542 3757 vff
575 3708 659 3758 der
696 3709 917 3758 Peinlich
954 3709 1210 3773 Beclagtin
1255 3711 1372 3758 seitt
1415 3707 1695 3757 demselben
1743 3709 2088 3774 nachgefolget
2134 3708 2356 3770 werden,
2408 3709 2510 3759 vnd

257 3778 367 3827 weil
404 3778 526 3828 Hert
563 3781 794 3830 Anwaldt
831 3796 945 3831 auss
985 3782 1069 3832 der
1105 3795 1306 3846 grossen
1333 3780 1523 3829 Anzahl
1559 3779 1854 3830 Indiciorum
1890 3781 2038 3832 khein
2077 3783 2262 3847 einiges
2299 3796 2391 3832 zue
2416 3796 2506 3846 ge-

260 3849 547 3902 biihrlichen
585 3854 697 3921 ,vnd
746 3855 822 3903 fiir
859 3854 1018 3906 Recht
1053 3855 1274 3919 giiltigen
1310 3852 1529 3904 Standen
1567 3851 1701 3904 nicht
1747 3856 2000 3919 erwissen,
2052 3853 2340 3920 derowegen
2377 3853 2502 3907 auch

2638 1574 2652 1780 tntu-*n—.
2640 1455 2652 1512 Α..
2647 1419 2652 1424 .
2649 1368 2652 1371 Δ
2646 1275 2652 1297 ,Α
