2652 4088
296 155 404 218 250
784 172 786 174 ·
893 156 1178 204 Collectanea
1208 168 1265 203 ex
1297 155 1528 207 codicibus
1557 155 1950 205 PulkoviensibuS.

295 307 646 372 longitudinem
684 307 1027 356 semidiametri
1080 315 1231 359 rotae.
1307 306 1416 356 Hac
1457 314 1674 356 assumta
1713 307 1880 371 regula
1913 307 2014 370 jam
2056 309 2201 356 etiam
2241 307 2542 358 commodius

295 385 612 446 exprimemus
652 378 867 429 lunarem
907 382 1178 445 sphaeram,
1218 382 1258 427 si
1286 395 1332 431 n.
1372 382 1547 441 exigua
1583 381 1758 440 rotula,
1800 396 1944 443 quam
1970 396 2115 446 supra
2144 381 2244 428 dixi
2283 382 2542 431 conficien—

295 456 420 512 dam,
462 453 658 515 regulae
698 453 936 515 affigatur.
1014 453 1153 501 Illam
1189 453 1292 515 jam
1330 455 1399 501 sic
1436 453 1658 502 fabricari
1697 456 1903 517 poteris:
1957 454 2050 503 duc
2100 469 2158 501 ex
2204 461 2340 503 rotae
2380 463 2541 503 centro

295 534 323 576 2
354 527 505 575 lineas
545 527 604 573 ad
648 526 752 586 ejus
793 527 1242 584 circumferentiam,
1283 541 1409 587 qnae
1449 527 1495 571 in
1537 528 1919 574 circumferentia
1958 527 2138 575 distent
2168 525 2309 594 153⁰.
2364 526 2478 575 Jam
2503 529 2544 574 si

291 600 508 648 lunarem
549 598 756 647 rotulam
794 599 991 659 regulae
1040 599 1201 661 placet
1240 599 1436 661 affigere
1477 613 1584 646 meo
1626 599 1826 647 consilio
1877 601 1924 645 in
1965 609 2167 661 puncto,
2221 605 2284 648 72
2325 600 2544 662 partibus

292 689 321 721 a
361 680 524 722 centro
566 671 762 733 regulae
802 680 986 720 remoto
1015 670 1163 737 (quod
1205 675 1350 719 etiam
1389 670 1486 719 alio
1514 672 1711 733 regulae
1740 673 1846 719 loco
1873 672 1973 719 fieri
2002 672 2203 736 posset),
2246 672 2358 722 vide
2386 687 2545 734 quan-

292 753 390 793 tum
434 745 612 792 distent
652 743 824 793 ductae
865 745 1019 793 lineae
1070 747 1114 791 in
1163 752 1298 807 parte
1342 750 1421 792 72.
1464 760 1493 792 a
1532 752 1711 794 centro.
1792 745 1964 793 Earum
2003 761 2050 796 n.
2092 745 2346 804 distantia,
2399 760 2544 807 quam

290 819 472 868 habent
511 818 594 865 illo
633 816 770 876 loco,
820 820 910 866 erit
947 818 1180 866 diameter
1219 817 1406 865 rotulae
1459 817 1652 865 lunaris.
1733 818 1839 865 Duc
1878 820 1993 866 item
2033 826 2081 866 et
2131 820 2317 866 tertiam
2366 817 2544 866 lineam

291 907 349 940 ex
388 899 551 940 centro
591 897 748 949 rotae,
804 906 930 953 quae
969 892 1031 938 ab
1084 891 1318 939 alterutra
1368 892 1671 953 superiorum
1718 890 1863 939 distet
1905 891 1998 959 2}
2038 894 2086 938 in
2142 892 2541 940 circumferentia.

290 964 474 1013 Harum
515 964 746 1011 distantia
784 964 844 1011 ad
883 971 1068 1026 partem
1114 970 1194 1013 72.
1235 981 1264 1012 a
1303 970 1466 1012 centro
1506 966 1594 1012 erit
1642 964 1875 1013 diameter
1921 963 2100 1013 circelli
2140 966 2188 1012 in
2229 964 2383 1014 altera
2421 964 2544 1014 facie

292 1037 478 1087 rotulae
520 1037 729 1098 lunaris3
771 1044 930 1085 cetera
968 1052 1020 1085 se
1057 1037 1240 1086 habent
1278 1043 1330 1086 ut
1367 1051 1528 1100 supra.

573 1171 895 1228 Descriptio
933 1170 1188 1218 theoriae
1229 1181 1489 1227 cupreae.
1552 1172 1804 1227 (Posteriora
1835 1178 2024 1228 tempore
2056 1167 2246 1228 scripta.)
2284 1207 2289 1213 .

468 1254 726 1317 Quomodo
767 1259 813 1302 in
855 1272 1041 1321 papyro
1082 1255 1405 1305 construenda
1444 1258 1505 1304 sit
1542 1255 1733 1305 theoria
1770 1257 2091 1306 secundorum
2131 1255 2407 1315 mobilium,
2458 1271 2543 1305 su-

289 1331 466 1392 periori
506 1336 721 1392 tempore
763 1330 956 1380 dictum.
1023 1329 1149 1392 Quia
1179 1344 1292 1379 vero
1331 1329 1567 1377 theoriam
1608 1344 1699 1391 ego
1739 1334 1904 1378 curavi
1944 1333 1990 1379 in
2019 1330 2217 1379 metallo
2260 1337 2543 1378 construen-

291 1403 426 1461 dam,
471 1402 573 1464 jam
614 1417 755 1465 porro
796 1418 891 1465 quo
932 1412 1075 1466 pacto
1115 1403 1199 1452 illa
1251 1405 1514 1451 constituta
1562 1404 1625 1451 sit
1670 1403 1940 1465 explicabo.
2016 1404 2140 1452 Nam
2181 1404 2295 1465 quia
2334 1402 2431 1450 alia
2471 1408 2543 1451 est

291 1477 496 1523 materia
534 1477 595 1523 ab
637 1491 707 1530 ea,
751 1491 876 1538 quae
915 1492 1061 1538 supra
1102 1484 1202 1525 erat
1230 1477 1371 1525 nobis
1397 1478 1662 1539 proposita,
1704 1476 1828 1525 aliae
1868 1479 2014 1525 etiam
2043 1477 2384 1540 descriptionis
2410 1475 2544 1540 leges

292 1555 444 1608 erunt,
486 1549 613 1610 quod
653 1549 795 1597 facile
837 1550 1176 1612 deprehendet,
1219 1552 1299 1613 qui
1341 1550 1462 1598 haec
1501 1564 1607 1597 cum
1650 1549 1745 1597 illis
1785 1551 2011 1602 conferet.

463 1621 703 1669 Tabulam
754 1637 1005 1685 cupream,
1061 1638 1206 1685 quam
1257 1624 1393 1686 potui
1444 1625 1655 1670 nancisci
1697 1626 1982 1682 maximam,
2032 1623 2163 1671 linea
2212 1637 2296 1685 per
2334 1621 2545 1670 medium

289 1694 435 1742 ducta
474 1696 519 1740 in
562 1694 656 1742 duo
709 1696 935 1757 aequalia
986 1697 1127 1743 divisi
1192 1704 1239 1744 et
1287 1698 1332 1742 in
1384 1702 1544 1757 partes
1598 1701 1732 1743 1200
1773 1711 1802 1744 a
1842 1690 2004 1744 centro
2059 1697 2119 1744 ad
2174 1695 2315 1743 finem
2369 1695 2542 1744 lineae.

288 1767 473 1815 Harum
512 1769 719 1829 partium
765 1774 862 1816 112
904 1769 1243 1831 comprehendi
1296 1771 1473 1816 circino
1513 1774 1560 1816 et
1598 1783 1655 1817 ex
1697 1777 1858 1817 centro
1899 1768 2160 1818 universali
2192 1769 2544 1831 descripsi-cir-

287 1840 462 1899 culum,
507 1840 644 1902 cujus
685 1841 831 1889 ductu
870 1842 1179 1904 postmodum
1220 1849 1323 1890 tota
1362 1843 1564 1889 materia
1603 1843 1791 1889 excissa
1831 1849 1919 1893 est.
1977 1842 2179 1890 Duabus
2219 1842 2423 1889 sortasse
2467 1839 2545 1889 vel

287 1914 441 1960 tribus
481 1913 714 1961 dictarum
754 1917 963 1978 partium
1003 1916 1130 1962 ultra
1168 1915 1295 1963 hunc
1335 1913 1561 1963 circulum
1604 1914 1835 1977 descripsi
1885 1914 2060 1974 alium,
2114 1914 2348 1976 illumque
2389 1916 2435 1961 in
2482 1919 2543 1963 12

285 1993 447 2049 partes
485 1987 717 2049 aequales
770 1987 913 2035 divisi
962 1995 1007 2036 et
1047 1989 1266 2051 inscripsi
1312 1993 1374 2036 12
1416 1989 1556 2049 sigua
1607 1987 1817 2050 zodiaci3
1872 1990 2062 2050 signum
2116 1987 2369 2050 quodlibet
2424 1989 2546 2035 sub-

287 2059 480 2107 distinxi
522 2061 568 2106 in
611 2059 720 2109 30⁰.
799 2060 987 2109 Deinde
1028 2068 1237 2123 quatuor
1276 2062 1484 2109 arcubus
1524 2061 1686 2109 ferreis
1728 2063 1773 2107 in
1815 2075 1961 2109 unum
2003 2075 2280 2110 mucronem
2321 2060 2544 2109 deorsum
2604 2045 2635 2124 β’

290 2139 569 2195 vergentem
611 2133 942 2182 desinentibus
970 2137 1330 2198 repraesentavi
1357 2142 1404 2183 et
1429 2135 1603 2182 retinui
1646 2141 1860 2182 centrum
1889 2133 2177 2193 universale,
2216 2141 2388 2197 postea
2416 2133 2545 2182 dicto
2627 2131 2634 2146 ’

285 2204 394 2254 loco
447 2208 638 2254 exsecui
696 2207 941 2255 circulum.
1018 2207 1112 2256 Hic
1157 2207 1363 2256 circulus
1412 2214 1744 2270 repraesentat
1792 2207 1906 2255 mihi
1957 2208 2155 2256 ultimae
2210 2214 2257 2255 et
2306 2209 2542 2270 septimae

286 2279 520 2343 sphaerae
560 2279 848 2339 mundanae,
889 2282 936 2327 iu
978 2296 1074 2343 qua
1112 2281 1239 2330 fixae
1279 2283 1463 2340 insunt,
1505 2282 1634 2328 viam
1674 2280 1822 2339 illam,
1857 2283 1982 2329 circa
2011 2296 2158 2343 quam
2186 2279 2411 2343 planetae
2438 2294 2545 2328 om·
2622 2275 2652 2331 ff

284 2348 370 2400 nes
411 2359 664 2401 versantur
702 2356 748 2400 in
788 2356 888 2402 suis
928 2355 1304 2403 circuitionibus.
1369 2353 1539 2402 Mucro
1580 2353 1737 2402 dictus
1764 2361 2094 2416 repraesentat
2134 2353 2249 2401 mihi
2291 2353 2403 2407 duo,
2444 2354 2545 2416 pri-

284 2427 436 2473 mario
465 2431 677 2473 centrum
705 2428 998 2488 ipsissimum
1025 2427 1166 2475 molis
1193 2426 1482 2485 mundanae,
1525 2426 1653 2489 quod
1682 2426 1757 2476 vel
1788 2429 1833 2473 in
1863 2426 1977 2475 Sole
2018 2427 2095 2476 vel
2134 2427 2351 2489 proxime
2381 2425 2542 2476 Solem

287 2514 317 2545 a
355 2498 620 2561 Copernico
660 2502 902 2558 statuitur,
944 2500 1229 2549 secundario
1269 2500 1465 2563 globum
1507 2499 1699 2556 Terrae,
1741 2501 1830 2548 etsi
1866 2499 2012 2562 longe
2038 2515 2068 2548 a
2094 2507 2257 2548 centro
2299 2501 2542 2562 ipsissimo

289 2570 462 2632 distat,
513 2577 674 2620 tamen
713 2575 758 2620 in
799 2572 1058 2622 collatione
1111 2573 1172 2621 ad
1222 2573 1423 2621 fixarum
1469 2572 1838 2634 amplitudinem
1889 2572 1973 2620 illa
2023 2573 2255 2620 distantia
2295 2572 2474 2621 Terrae
2513 2587 2543 2622 a
2623 2636 2625 2638 q

288 2651 451 2692 centro
491 2645 754 2693 universali
802 2661 897 2694 non
952 2646 1136 2705 lineae,
1186 2646 1269 2694 sed
1310 2648 1474 2708 puncti
1513 2647 1749 2694 rationem
1801 2646 2003 2694 obtinet.
2083 2645 2184 2692 Etsi
2227 2646 2352 2693 enim
2392 2645 2543 2694 Terra

286 2732 447 2765 annuo
486 2724 619 2765 motu
659 2720 787 2766 circa
825 2725 1039 2767 centrum
1079 2718 1355 2767 universale
1394 2717 1623 2767 describit
1662 2718 1918 2776 circulum,
1969 2719 2051 2780 qui
2092 2718 2248 2780 major
2287 2725 2360 2767 est
2400 2718 2537 2767 coelo

288 2791 493 2839 Veneris
532 2789 611 2840 vel
649 2790 902 2851 Mercurii,
957 2797 1004 2839 et
1041 2792 1188 2853 paulo
1228 2793 1383 2840 minor
1436 2791 1573 2839 coelo
1615 2791 1812 2851 Martis,
1865 2798 2023 2839 tamen
2064 2793 2103 2839 si
2151 2793 2258 2854 quis
2299 2791 2543 2840 habitaret

286 2867 410 2914 inter
449 2863 585 2923 fixas,
625 2863 694 2911 illi
735 2871 866 2913 totus
904 2865 995 2912 iste
1022 2865 1232 2912 ambitus
1260 2863 1467 2912 Telluris
1508 2865 1554 2910 in
1581 2862 1762 2927 puncto
1790 2864 2250 2918 universiaccidere
2279 2865 2536 2927 videretur,

288 2953 443 3001 usque
483 2936 605 2985 adeo
646 2936 746 2986 alta
785 2945 858 2986 est
896 2939 1101 3000 septima
1139 2937 1361 2999 sphaera.

462 3009 611 3058 Porro
650 3010 730 3059 hic
767 3010 975 3060 circulus
1013 3011 1124 3058 ideo
1164 3012 1212 3057 in
1256 3015 1318 3058 12
1348 3016 1509 3071 partes
1547 3023 1633 3057 seu
1673 3011 1811 3072 signa
1850 3014 1897 3057 et
1934 3009 2105 3058 horum
2146 3009 2340 3072 singula
2371 3011 2418 3057 in
2447 3005 2540 3059 30⁰

289 3082 532 3143 dividitur,
574 3091 626 3131 ut
665 3099 854 3132 summa
892 3083 1145 3131 divisionis
1184 3085 1248 3131 sit
1288 3081 1444 3142 360⁰,
1485 3083 1629 3145 quia,
1671 3082 1831 3145 quoad
1872 3082 1956 3131 Sol
1994 3082 2142 3131 semel
2183 3083 2274 3131 sub
2312 3081 2406 3131 hoc
2445 3085 2540 3132 cir-
2591 3090 2594 3091 ’

288 3156 396 3205 culo
436 3156 495 3204 ad
533 3156 734 3206 eandem
773 3158 871 3206 fere
921 3156 1065 3204 fixam
1103 3155 1256 3215 redit,
1304 3157 1486 3204 interea
1513 3155 1653 3204 Luna
1693 3155 1953 3204 duodecies
1991 3156 2052 3203 ad
2093 3155 2254 3204 Solem
2295 3157 2550 3218 pervenit,

288 3235 335 3278 et
375 3228 486 3278 dum
517 3229 654 3278 Luna
692 3229 842 3279 semel
880 3229 941 3277 ad
971 3229 1133 3279 Solem
1165 3230 1400 3291 pervenit,
1444 3234 1509 3278 30
1540 3228 1637 3276 fere
1678 3228 1779 3276 dies
1819 3229 2059 3278 labuntur.
2114 3228 2257 3276 Hanc
2285 3228 2536 3277 divisionis

289 3304 592 3351 occasionem
631 3309 806 3352 natura
843 3309 1062 3351 motuum
1102 3303 1447 3350 subministrat.
1513 3301 1618 3348 Etsi
1659 3316 1774 3349 vero
1815 3301 1991 3350 divisio
2029 3301 2150 3350 haec
2189 3317 2282 3350 non
2323 3302 2548 3364 praecise,

289 3376 436 3424 efficit
478 3381 540 3425 12
583 3375 658 3424 vel
700 3381 802 3424 360
843 3383 1003 3437 partes
1052 3377 1217 3437 (tertio
1268 3377 1392 3422 enim
1447 3379 1495 3422 et
1532 3373 1771 3422 interdum
1811 3374 1961 3423 altero
2015 3389 2208 3437 quoque
2257 3376 2385 3422 anno
2428 3378 2539 3422 sunt

294 3454 356 3497 13
398 3449 666 3507 novilunia,
707 3451 776 3497 sic
815 3456 863 3497 et
900 3450 1078 3496 mensis
1116 3449 1299 3496 lunaris
1337 3447 1484 3495 habet
1522 3448 1681 3494 minus
1710 3453 1774 3496 30
1803 3447 2015 3508 diebus),
2056 3449 2345 3496 astronomis
2379 3455 2548 3498 tamen,
2586 3441 2589 3443 “

291 3523 592 3571 concinnitas
630 3537 938 3570 numerorum
978 3523 1174 3584 placuit,
1214 3526 1410 3584 propter
1448 3519 1553 3582 ejus
1581 3519 1642 3566 ad
1672 3520 2019 3568 calculationes
2046 3519 2365 3583 aptitudinem
2390 3534 2539 3582 prop-

291 3601 459 3656 terque
497 3594 730 3656 plurimas
769 3609 933 3643 eorum
972 3601 1136 3657 partes
1174 3593 1482 3656 multiplices.
1557 3592 1679 3639 Nam
1725 3598 1768 3641 1.
1803 3596 1864 3640 12
1892 3613 1962 3637 =
1992 3599 2038 3642 2.
2069 3599 2096 3642 6
2130 3613 2188 3633 =
2223 3598 2269 3641 3.
2299 3598 2345 3652 4,
2373 3594 2444 3640 sic
2471 3596 2536 3642 30
2564 3594 2569 3596 “

294 3671 1061 3727 :2.15-:3.1o:5.6;
1103 3673 1150 3715 et
1193 3669 1674 3716 1.360=2.180
1719 3686 1778 3705 =
1821 3668 2545 3716 3.120=4.9o=5‚72.

296 3759 356 3781 -Ξ
391 3745 436 3787 6.
468 3745 532 3788 60
564 3760 629 3784 =
661 3745 706 3788 8.
738 3744 802 3790 45
837 3762 897 3780 =
931 3745 978 3788 9.
1009 3745 1073 3788 40
1108 3761 1167 3780 =
1205 3744 1286 3788 10.
1318 3745 1382 3788 36
1415 3742 1594 3786 =12.
1624 3743 1689 3786 30
1714 3758 1779 3782 =
1804 3742 1884 3787 15.
1916 3743 2163 3787 24:18.
2194 3743 2258 3786 20
2283 3745 2329 3786 et
2355 3745 2534 3786 contra.

293 3810 464 3859 Partes
505 3819 664 3860 autem
706 3812 1033 3862 duodenariae
1070 3815 1218 3876 sigma
1258 3811 1493 3868 dicuntur,
1533 3812 1650 3872 quia
1675 3812 1938 3858 astronomi
1963 3810 2164 3871 fingunt,
2205 3818 2359 3860 certas
2386 3824 2536 3871 quas-

295 3882 406 3931 dam
444 3884 611 3933 stellas
650 3886 770 3935 fixas
809 3887 858 3933 in
898 3885 1103 3934 confinio
1145 3887 1254 3934 viae
1293 3885 1597 3948 planetarum
1644 3884 1941 3933 conformare
1977 3886 2180 3947 siynum
2232 3883 2309 3932 vel
2348 3879 2545 3945 imayi?
