2652 4088
333 218 437 273 118
1232 213 1381 259 Notae
1409 212 1440 257 J
1441 246 1454 258 .
1485 212 1675 270 Kepleri

331 364 498 410 oblitus
531 367 616 408 est,
675 361 808 406 Prius
846 361 964 407 enim
999 361 1046 404 in
1084 371 1281 417 persona
1311 357 1511 403 Theonis
1555 364 1775 405 aestatem
1818 361 2023 406 lunarem
2061 363 2315 408 contulerat
2355 363 2402 409 in
2439 363 2580 421 pleni-

328 433 514 487 lunium,
543 430 638 486 jam
667 428 871 474 hiceam
903 426 1079 472 confert
1109 426 1156 470 in
1190 425 1359 470 coitum
1389 439 1492 469 cum
1523 423 1652 482 Sole;
1697 427 1992 482 plenilunium
2034 441 2139 472 vero
2186 429 2374 485 opponit
2405 429 2582 487 aestati,

330 498 596 555 aequiparat
622 494 763 551 igitur
790 494 943 539 hiemi.
987 493 1238 548 Utrumque
1260 491 1440 547 quidem
1462 496 1531 535 est
1561 504 1736 547 verum,
1770 492 1850 536 sed
1881 492 1966 535 hoc
1988 492 2233 538 Plutarcho
2266 507 2356 537 non
2387 494 2583 539 animad-

328 567 547 609 vertente.
607 560 843 606 Aestatem
875 559 1015 614 enim,
1059 560 1149 602 hoc
1181 562 1250 602 est
1283 558 1400 602 diem
1432 557 1685 613 quindecim
1728 563 1954 602 nostrates
1986 557 2080 602 dies
2116 565 2362 616 noctesque
2404 560 2583 616 longam

330 634 376 674 et
406 628 463 672 ob
493 627 540 672 id
571 623 969 676 ferventissimam,
1011 622 1241 678 privolvae
1284 623 1465 679 quidem
1502 623 1676 667 habent
1713 623 1760 667 in
1790 623 2108 678 conjunctione
2142 626 2297 669 Lunae
2330 640 2431 670 cum
2464 626 2581 682 Sole,

327 697 378 737 ut
406 691 481 736 hic
511 689 815 745 Plutarchus,
849 686 1115 734 subvolvani
1147 699 1252 730 vero
1284 688 1330 731 in
1361 686 1633 743 plenilunio,
1668 687 1848 743 quando
1880 688 1968 743 ipsi
1998 689 2170 734 habent
2200 690 2500 745 novilunium,
2534 701 2584 734 ut.

327 757 454 823 prius
485 755 662 800 Theon.
720 754 818 798 Nec
857 758 927 797 est
957 753 1030 796 hic
1070 752 1310 809 cogitanda
1347 753 1619 807 permutatio
1658 758 1870 809 respectu
1914 756 2158 800 eorundem
2197 757 2465 814 incolarum;
2508 755 2583 801 alii

328 822 446 867 enim
474 822 548 866 hic
579 825 684 866 sunt
713 818 1006 874 habitatores,
1038 819 1113 863 alii
1144 817 1223 862 ibi.
1289 819 1478 864 Constat
1507 825 1659 864 tamen
1690 820 1776 864 sibi
1805 820 1892 876 ipsi
1924 821 2039 866 haec
2069 823 2295 879 posterior
2324 823 2581 879 imaginatio

327 887 561 933 Plutarchi
591 899 645 931 ea
674 886 720 929 in
751 896 813 940 re,
846 884 980 940 quod,
1014 885 1091 941 qui
1120 885 1168 929 in
1200 883 1518 940 conjunctione
1549 885 1706 929 Lunae
1738 899 1839 929 cum
1862 885 1967 930 Sole
1999 887 2117 932 diem
2150 888 2320 933 habent
2348 889 2583 933 ferventis·

328 955 505 1011 simam,
536 953 672 998 iidem
701 951 748 995 in
777 950 1046 1008 plenilunio,
1092 951 1214 1007 quod
1246 951 1398 995 vident
1436 950 1695 1007 terricolae,
1743 957 1920 996 noctem
1962 953 2132 999 habent
2171 954 2420 998 hiemalem.
2481 955 2584 999 Non

327 1019 536 1066 habitant
567 1017 685 1062 enim
717 1029 816 1061 eam
845 1015 1017 1061 lunaris
1049 1016 1170 1073 globi
1200 1021 1398 1072 partem,
1442 1028 1560 1072 quae
1591 1016 1721 1062 nobis
1752 1018 1971 1061 terricolis
2004 1019 2162 1064 Lunae
2193 1020 2352 1063 faciem
2382 1019 2582 1075 praebet,

328 1084 409 1130 sed
437 1085 483 1128 in
515 1082 741 1141 opposita.
791 1081 1015 1126 Referunt
1044 1082 1182 1137 igitur
1212 1082 1461 1139 plenilunia
1483 1081 1654 1126 hiemes
1686 1097 1777 1127 non
1810 1082 2097 1129 subvolvanis
2130 1086 2195 1140 (ut
2226 1085 2304 1141 qui
2323 1089 2431 1130 tunc
2453 1090 2583 1130 aestu

327 1151 587 1207 torrentur),
623 1150 704 1194 sed
735 1148 964 1206 privolvis.

501 1216 573 1261 86.
605 1215 747 1260 Video
779 1227 888 1260 sane
918 1212 1293 1257 refocillationem
1337 1213 1533 1271 aliquam
1565 1227 1646 1259 suo
1680 1219 1898 1271 tempore.
1960 1217 2190 1260 Excessus
2221 1223 2370 1261 tamen
2402 1222 2583 1261 manent

329 1287 645 1339 occupantque
675 1281 772 1326 dies
802 1280 1002 1336 aliquam
1033 1277 1200 1322 multos
1233 1279 1487 1324 continuos.
1538 1280 1779 1337 Oporteret
1807 1281 1948 1338 igitur
1979 1281 2229 1326 animantes
2263 1295 2364 1327 esse
2393 1289 2582 1327 naturae

329 1353 374 1393 et
403 1347 677 1392 fortissimae
709 1351 753 1390 et
782 1344 1082 1400 lentissimae,
1115 1348 1167 1387 ut
1197 1358 1311 1400 quae
1343 1346 1714 1391 refocillationem
1746 1352 1836 1390 tam
1868 1347 2046 1391 tardam
2076 1348 2367 1405 minimeque,
2395 1355 2445 1393 ut
2478 1353 2583 1393 sunt

327 1419 486 1459 noctes
516 1417 712 1468 nostrae,
745 1411 950 1456 crebram
979 1415 1245 1466 exspectare
1273 1417 1482 1469 possunt,
1515 1419 1689 1456 tantum
1720 1413 1895 1457 interim
1928 1421 2103 1458 aestum
2134 1414 2397 1460 tolerantes.

501 1478 572 1524 87.
603 1478 761 1523 Active
791 1476 1014 1532 loquitur,
1058 1482 1106 1520 at
1147 1489 1238 1520 non
1274 1477 1478 1532 proprie,
1515 1491 1599 1522 nec
1642 1478 1791 1522 verbis
1824 1480 2097 1534 opticorum,
2138 1481 2217 1525 sed
2249 1482 2428 1537 negatio
2459 1495 2581 1527 mera

327 1542 707 1599 subintelligenda
736 1547 807 1588 est
838 1541 1029 1587 actionis
1062 1541 1179 1586 aeris
1210 1540 1257 1584 in
1287 1541 1451 1598 radios,
1483 1549 1535 1585 ut
1566 1543 1746 1598 quidem
1778 1548 1823 1586 et
1854 1548 2070 1602 sequitur.

502 1609 570 1655 88.
601 1607 865 1665 Respondet
895 1607 953 1652 ad
983 1606 1014 1653 f.
1047 1608 1119 1652 95.
1159 1608 1487 1663 Argumentum
1518 1608 1640 1651 ducit
1671 1620 1698 1651 a
1729 1612 2034 1655 conversionis
2075 1612 2269 1669 impetu,
2310 1626 2444 1669 quam
2479 1626 2583 1658 ven-

328 1675 579 1721 tilationem
610 1676 727 1720 aeris
759 1674 904 1719 nostri
924 1672 1164 1728 terrestris,
1195 1673 1464 1716 matutinam
1484 1674 1700 1729 majorem
1723 1673 1779 1717 ob
1801 1682 1970 1719 motum
1993 1678 2172 1732 Terrae,
2208 1678 2342 1722 etiam
2372 1692 2583 1735 annuum,

327 1742 631 1799 vespertinam
669 1741 910 1797 minorem,
953 1739 1123 1796 quippe
1153 1751 1180 1782 a
1211 1737 1308 1781 solo
1348 1743 1472 1782 motu
1503 1743 1668 1794 primo,
1709 1739 1756 1783 in
1787 1741 1911 1797 Epit.
1945 1746 2065 1787 Astr.
2100 1744 2208 1800 Cop.
2242 1744 2317 1788 lib.
2350 1745 2385 1788 1.
2425 1743 2585 1790 admisi

327 1808 445 1854 inter
475 1820 658 1864 causas,
701 1821 780 1851 cur
810 1805 1081 1850 matutinum
1111 1809 1292 1858 tempus
1325 1803 1383 1846 sit
1415 1805 1694 1848 commodius
1726 1808 2003 1863 vespertino,
2036 1809 2171 1853 etiam
2202 1810 2249 1853 in
2282 1811 2432 1854 Terra.
2495 1810 2585 1856 Sed

327 1879 642 1929 argumentum
671 1871 813 1927 magis
844 1871 1055 1915 idoneum
1083 1867 1189 1912 inde
1221 1874 1305 1922 est,
1339 1869 1461 1926 quod
1491 1871 1762 1916 Maestlinus
1795 1881 1840 1919 et
1870 1872 2103 1919 Galilaeus
2137 1875 2466 1931 demonstrant,
2496 1878 2585 1922 Lu-

327 1954 431 1986 nam
461 1939 632 1986 amiciri
669 1952 752 1984 suo
793 1943 918 1995 aere;
960 1942 1124 1982 ventus
1162 1948 1269 1980 vero
1309 1928 1429 1982 aeris
1475 1943 1545 1981 est
1573 1938 1796 1984 accidens.
1858 1941 1999 1984 Porro
2045 1941 2117 1984 hic
2149 1955 2295 1985 rorem
2328 1955 2464 1987 aurae
2496 1943 2583 1986 leni

328 2007 555 2064 attribuit3
591 2020 675 2065 ego
705 2005 856 2050 malim
886 2009 1020 2049 vento
1052 2002 1178 2059 nulli,
1208 2002 1477 2059 plerumque
1509 2004 1625 2048 enim
1657 2006 1915 2062 observavi,
1948 2019 2049 2050 cum
2080 2009 2156 2051 ros
2188 2006 2333 2063 cadit,
2365 2007 2583 2064 tranquil·

326 2074 420 2122 lum
451 2087 554 2120 esse
584 2078 750 2119 aerem.

501 2141 572 2186 89.
603 2140 757 2185 Etiam
792 2136 1065 2181 Plutarchus
1094 2135 1168 2179 hic
1198 2134 1306 2180 facit
1335 2136 1595 2191 qualitatem
1638 2138 1927 2184 humectandi
1966 2140 2095 2195 quasi
2125 2140 2375 2196 potentiam
2405 2147 2583 2186 natura-

325 2207 417 2253 lem
447 2221 475 2253 a
504 2207 637 2252 Luna
665 2205 713 2249 in
743 2204 908 2249 Terras
940 2201 1230 2251 descendere,
1265 2201 1495 2247 defluxum
1527 2217 1588 2248 sc.
1633 2204 1731 2260 ejns
1763 2205 2107 2262 temperamenti
2138 2206 2355 2261 corporei.
2417 2207 2583 2252 Verum

325 2275 544 2333 pleraque
575 2272 674 2329 ejus
706 2272 977 2317 documenta
1007 2268 1252 2314 admittunt
1272 2267 1504 2313 facultatis
1525 2270 1792 2325 vegetabilis
1814 2272 2143 2326 interventum;
2175 2271 2221 2315 in
2251 2271 2419 2327 plantis
2439 2274 2582 2318 mani-

326 2344 458 2398 feste,
490 2342 536 2386 in
565 2346 702 2398 partu
731 2335 1015 2383 femellarum
1046 2334 1425 2389 manifestissime,
1456 2333 1504 2378 in
1536 2335 1771 2391 carnibus,
1804 2336 1918 2380 vinis
1949 2341 1995 2379 ct
2024 2335 2156 2391 lignis
2186 2335 2444 2394 obscurius,
2479 2339 2584 2394 quia

326 2421 418 2454 non
446 2410 512 2454 ita
542 2411 752 2464 apparet,
801 2403 1026 2461 quomodo
1056 2405 1259 2458 peremto
1300 2399 1533 2444 individuo
1564 2401 1692 2457 (puta
1722 2401 1925 2453 animali,
1970 2401 2074 2459 vite,
2115 2402 2321 2460 arbore),
2364 2403 2583 2461 reliquiae

326 2474 465 2530 hujus
494 2472 724 2518 facultatis
755 2474 1018 2516 remaneant
1047 2468 1094 2511 in
1125 2465 1348 2519 carnibus,
1379 2465 1506 2518 vinis,
1538 2465 1685 2522 lignis.
1728 2467 1868 2523 Atqui
1890 2472 2064 2511 certum
2085 2471 2171 2524 est,
2198 2466 2412 2525 reliquias
2442 2468 2584 2516 facul·
2625 2486 2639 2499 ·

327 2539 435 2586 tatis
466 2537 746 2596 vegetabilis,
780 2549 898 2593 quae
928 2540 1026 2580 erat
1055 2534 1103 2577 in
1132 2532 1320 2587 integro,
1353 2530 1552 2575 residere
1583 2533 1630 2576 in
1660 2532 1732 2576 his
1762 2533 1982 2588 partibus.
2034 2533 2152 2578 Nam
2182 2546 2210 2578 a
2239 2534 2390 2581 calore
2418 2535 2466 2581 in
2487 2549 2582 2581 car·
2648 2566 2652 2578 2

327 2606 460 2652 nibus
492 2610 763 2662 generantur
796 2602 905 2648 certi
936 2601 1110 2658 generis
1142 2609 1328 2653 vermeS,
1361 2602 1414 2640 ut
1443 2597 1490 2641 in
1519 2596 1640 2641 foliis
1663 2604 1887 2643 certarum
1918 2597 2149 2655 arborum3
2182 2599 2380 2646 retinent
2408 2607 2454 2647 et
2474 2602 2580 2647 odo·

325 2684 445 2727 rem,
489 2671 574 2716 etsi
603 2670 642 2714 is
675 2683 731 2714 ex
760 2668 998 2726 putredine
1036 2665 1090 2710 fit
1119 2663 1443 2708 abominabilis.
1506 2663 1670 2708 Vinum
1712 2668 1757 2708 et
1795 2664 1979 2709 odorem
2016 2670 2062 2708 et
2092 2677 2300 2721 saporem
2337 2666 2506 2715 retinet
2535 2675 2581 2714 et
2646 2653 2652 2676 ²

329 2736 582 2782 effervescit
613 2736 750 2780 etiam
781 2734 877 2779 sine
898 2735 1042 2789 Luna,
1074 2744 1176 2776 cum
1196 2729 1409 2787 lymphae
1427 2728 1649 2783 insipidae
1671 2742 1900 2784 nunquam
1923 2741 1949 2770 a
1971 2729 2104 2775 Luna
2125 2732 2376 2779 turbentur.
2429 2732 2580 2789 Quod·
2640 2747 2652 2778 ⁴:

331 2814 422 2861 que
450 2802 565 2848 haec
596 2800 936 2846 effervescentia
969 2813 1059 2844 non
1088 2799 1141 2843 fit
1170 2809 1197 2840 a
1219 2795 1432 2851 singulari
1464 2794 1615 2850 aliqua
1644 2794 1801 2839 Lunae
1832 2794 2051 2852 qualitate
2081 2797 2207 2841 molli
2237 2803 2282 2842 et
2312 2812 2498 2856 aquosa,
2532 2806 2582 2845 ut
2646 2826 2652 2839 .

330 2869 406 2915 hic
434 2868 723 2925 Plutarchus,
754 2872 896 2924 patet,
929 2866 1035 2922 quia
1067 2863 1200 2908 etiam
1232 2874 1259 2905 a
1287 2861 1461 2905 tonitru
1491 2859 1735 2904 turbantur
1764 2861 1879 2917 vina,
1912 2861 2035 2918 quod
2065 2864 2212 2918 arguit
2234 2866 2449 2911 materiae
2470 2873 2580 2912 tem-

326 2938 640 2995 peramentum
666 2933 848 2989 igneum
876 2937 924 2977 et
957 2927 1225 2989 squalidum.
1286 2926 1433 2981 Ligna
1470 2937 1577 2968 vero
1609 2937 1711 2969 cum
1739 2931 2031 2983 putrescunt,
2073 2928 2246 2974 faciunt
2281 2931 2328 2975 id
2359 2934 2403 2977 vi
2431 2934 2580 2990 insita,

326 3014 444 3061 quae
469 3000 551 3047 illa
580 2999 712 3057 quasi
752 2998 922 3056 exurit,
966 2998 1080 3043 adeo
1118 2999 1170 3038 ut
1198 2994 1246 3038 in
1283 2991 1480 3037 tenebris
1509 2990 1692 3037 luceant
1729 3003 1845 3048 pene
1889 3001 1940 3039 ut
1985 2995 2219 3042 carboneS.
2279 2998 2433 3045 Omnis
2464 3001 2581 3046 enim

328 3067 525 3116 facultas
556 3065 779 3123 animalis,
810 3079 914 3112 cum
943 3071 1014 3111 est
1042 3065 1090 3108 in
1122 3073 1274 3119 opere,
1305 3059 1422 3115 ignis
1446 3057 1629 3134 quidam
1650 3064 1733 3113 est,
1765 3064 1811 3102 et
1842 3060 1947 3135 vita,
1978 3060 2169 3119 flamma,
2203 3064 2325 3118 quod
2354 3066 2399 3109 iu
2432 3066 2583 3123 dispu·
2636 3061 2652 3139 ζ-

327 3135 500 3181 tatione
531 3132 587 3179 de
624 3133 713 3179 hac
748 3131 938 3178 materia
977 3131 1183 3189 pluribus
1224 3128 1501 3172 demonstro.
1558 3125 1673 3170 V1de
1716 3131 1761 3171 et
1793 3126 1979 3183 Opt1ces
2018 3141 2116 3184 cap.
2150 3130 2184 3172 I.
2245 3130 2407 3175 Adhuc
2445 3132 2583 3187 igitur
2635 3142 2648 3188 ⁰,

327 3199 541 3247 sufficere
569 3203 737 3258 potest,
767 3205 819 3246 ut
849 3197 1020 3243 lunaris
1050 3193 1230 3241 luminis
1260 3193 1535 3237 incrementa
1563 3190 1677 3236 fiant
1709 3191 1934 3247 objectum
1964 3193 2123 3238 harum
2154 3194 2417 3242 facultatum
2454 3211 2582 3256 vege·
2633 3189 2652 3235 ἕ

327 3267 546 3322 tabilium,
577 3277 670 3310 non
699 3277 806 3310 vero
835 3264 937 3322 ipsa
968 3264 1059 3308 sint
1089 3261 1249 3307 activa.

2629 3260 2652 3335 J

501 3332 570 3378 90.
602 3331 673 3376 De
701 3330 831 3376 fluxu
862 3336 908 3376 et
936 3331 1116 3375 refluxu
1147 3326 1284 3373 maris
1316 3337 1449 3381 quam
1481 3329 1604 3368 certa
1633 3337 1706 3369 res
1739 3330 1833 3381 est,
1864 3331 1956 3370 tam
1987 3325 2122 3384 longe
2153 3329 2283 3374 abest
2312 3329 2470 3375 Lunae
2500 3330 2581 3375 hu·
2636 3339 2644 3353 ·

327 3397 536 3444 mectatio
567 3411 595 3442 a
623 3396 690 3442 rei
731 3408 881 3443 causa.
942 3395 1155 3452 Modum,
1199 3391 1422 3451 quomodo
1454 3392 1586 3436 Luna
1623 3398 1836 3436 causetur
1874 3391 2047 3436 fluxum
2087 3399 2131 3437 et
2170 3393 2393 3441 refluxum
2431 3396 2582 3449 maris,

2623 3393 2642 3485 ε’

326 3466 513 3523 primus,
545 3464 667 3521 quod
698 3463 851 3516 sciam,
888 3462 1040 3508 detexi
1069 3462 1116 3506 in
1136 3457 1469 3518 prolegomenis
1493 3457 1927 3502 Commentariorum
1958 3458 2014 3502 de
2038 3459 2235 3505 motibus
2257 3462 2433 3506 Martis.
2482 3463 2582 3506 Mo·
2624 3481 2640 3503 .-

330 3530 413 3575 dus
443 3529 546 3575 talis
578 3534 668 3585 est,
706 3534 758 3574 ut
785 3529 939 3586 Luna,
976 3543 1068 3573 non
1098 3529 1145 3573 in
1176 3531 1395 3583 quantum
1426 3522 1612 3568 humida
1643 3522 1714 3566 vel
1744 3523 2034 3581 humectans,
2077 3526 2157 3570 sed
2186 3527 2233 3571 in
2264 3534 2480 3583 quantum
2511 3534 2582 3572 est

327 3606 497 3652 massa,
529 3607 706 3640 massae
737 3594 906 3639 Terrae
937 3600 1152 3651 cognata,
1183 3594 1228 3638 vi
1256 3590 1511 3647 magnetica
1542 3587 1694 3632 trahat
1726 3602 1892 3645 aquas,
1924 3603 2015 3633 non
2045 3596 2095 3634 ut
2126 3591 2383 3650 humorem,
2423 3593 2502 3638 sed
2533 3598 2582 3638 ut
2616 3599 2633 3668 ξ

329 3663 480 3705 terrea
511 3659 767 3705 substantia
795 3665 844 3706 et
871 3662 996 3718 ipsas
1026 3660 1272 3718 praeditas,
1305 3658 1361 3702 ob
1393 3668 1527 3713 quam
1559 3660 1604 3699 et
1632 3655 1864 3710 gravitatis
1895 3661 2123 3701 momenta
2154 3666 2259 3703 sunt
2293 3658 2494 3702 sortitae.
2618 3670 2637 3713 ε-

502 3726 574 3770 91.
604 3725 757 3770 Etiam
794 3726 910 3772 aeris
950 3727 1094 3785 ipsius
1139 3732 1303 3770 natura
1332 3720 1575 3780 vegetabili
1616 3714 1832 3764 facultate
1864 3721 2089 3766 foecunda
2122 3735 2222 3768 esse
2251 3723 2451 3778 videtur,
2491 3737 2582 3781 qua
2620 3719 2652 3779 ·‘.-

330 3795 378 3836 et
403 3790 554 3835 lucem
582 3790 788 3847 percipit,
821 3796 868 3836 et
897 3791 956 3836 ad
988 3792 1086 3848 ejus
1117 3790 1419 3847 praesentiam
1449 3787 1520 3832 vel
1549 3786 1799 3831 absentiam
1830 3800 1892 3844 se,
1928 3792 1978 3830 ut
2010 3789 2304 3846 spongiosum
2325 3795 2371 3834 et
2389 3789 2583 3846 pressile
2622 3782 2630 3830 ἶ

330 3868 508 3914 corpus,
540 3855 612 3899 vel
642 3855 868 3901 contrahit
898 3856 972 3901 vel
1003 3856 1172 3901 dilatat.
1232 3854 1399 3900 Videas
1428 3853 1476 3896 in
1505 3850 1708 3908 nebulis,
1749 3865 1865 3907 quae
1897 3866 2000 3896 cum
2031 3855 2138 3898 totis
2171 3854 2382 3900 noctibus
2412 3856 2583 3900 incum-

329 3924 494 3976 berent
523 3923 707 3982 campiS,
741 3928 841 3969 orta
870 3922 973 3969 luce
1005 3922 1171 3979 subito,
1204 3921 1403 3969 noudum
1434 3923 1530 3967 orto
1565 3917 1682 3975 Sole,
1714 3919 1915 3965 nondum
1944 3919 2061 3966 ictae
2091 3919 2189 3976 ejus
2218 3920 2377 3979 radiiS,
2415 3920 2581 3977 frigore
2592 3957 2625 3981 ἃ,

2643 3902 2646 3912 r

2602 3986 2652 4088 3³5
