2652 4088
316 180 390 240 48
1241 180 1272 227 J
1274 179 1430 227 oannis
1456 176 1643 238 'Kepleri

317 337 400 390 est,
432 345 485 378 ac
515 331 553 377 si
582 329 755 376 nullum
786 340 950 386 corpus
982 341 1210 386 quoquam
1239 327 1525 386 prolectaret.
1584 327 1714 375 Tunc
1751 328 1890 386 igitur
1928 339 2092 386 corpus
2131 327 2282 386 ipsum
2329 331 2382 373 ut
2419 331 2566 374 totum

322 367 462 443 tra'hit
491 410 573 441 sua
603 397 815 452 membra,
845 401 899 441 ιιι
927 401 1080 452 partes
1112 395 1306 440 minores
1336 399 1448 439 toto.

489 464 559 510 76.
589 464 691 509 Non
731 463 866 519 plane
907 469 1032 508 nutu.
1092 461 1218 519 Opus
1251 468 1320 507 est
1359 461 1530 506 viribus
1571 461 1828 506 etiamnum.
1888 460 2006 505 Nam
2036 473 2166 506 omne
2197 438 2362 518 corpus
2392 460 2567 506 ratione

316 529 529 575 materiae
561 543 670 574 suae
701 530 873 575 obtinet
900 529 1107 573 inertiam
1139 528 1365 584 quandam
1395 528 1453 572 ad
1482 532 1675 582 motum,
1708 539 1824 583 quae
1858 526 2033 582 corpori
2064 526 2259 582 quietem
2289 531 2492 583 praestat
2521 525 2568 568 in

317 597 437 641 omni
465 595 579 652 loco,
611 595 656 639 in
689 609 778 652 quo
808 595 855 640 id
886 595 1132 641 collocatur
1163 599 1292 638 extra
1321 593 1512 638 virtutes
1542 593 1796 639 tractorias,
1855 592 1985 636 Hanc
2012 593 2101 636 vim
2133 605 2214 637 seu
2250 593 2461 638 inertiam
2488 605 2568 650 po-

324 662 414 708 tius
444 673 630 706 necesse
661 666 730 705 est
760 661 908 705 vincat
937 660 988 716 is,
1021 659 1099 716 qui
1126 658 1174 703 id
1204 673 1368 716 corpus
1397 659 1499 704 loco
1530 671 1612 703 suo
1644 662 1715 702 est
1744 663 1988 704 emoturus.

495 727 566 771 77.
599 725 789 780 Quando
812 725 983 770 scilicet
1004 725 1061 769 ob
1081 724 1465 782 propinquitatem
1484 723 1740 780 praepollet
1761 723 1880 768 orbis
1901 724 2078 769 virtutis
2098 724 2374 780 magneticae
2394 724 2567 769 Lunae.

313 790 470 835 Posito
501 789 620 834 enim
649 791 770 846 quod
801 790 944 834 moles
974 791 1205 846 quaelibet
1235 792 1420 846 Terrae,
1453 788 1655 844 aequalis
1692 787 1828 844 globo
1860 789 2030 846 lunari,
2071 790 2224 834 trahat
2253 802 2395 845 aeque
2424 787 2571 832 valide

316 869 478 912 corpus
509 856 574 900 sic
601 855 800 900 locatum
839 856 958 900 inter
986 861 1227 913 utrumque
1260 857 1464 914 globum,
1506 860 1557 899 ut
1597 854 1752 899 eadem
1792 855 1851 902 sit
1879 855 2110 912 proportio
2143 868 2251 900 suae
2292 856 2346 899 ab
2378 860 2570 910 utroque

315 920 567 978 distantiae,
599 934 715 977 quae
747 926 816 966 est
846 921 1048 976 ipsorum
1077 922 1197 967 inter
1227 937 1276 968 se
1308 936 1559 980 corporum,
1590 920 1794 965 haerebit
1823 921 2071 979 immobile,
2103 922 2398 966 tractionibus
2427 921 2475 965 in
2505 920 2570 964 di-

313 1000 443 1032 versa
472 1000 521 1032 se
550 995 707 1032 mutuo
740 987 1049 1033 abolentibus:
1092 994 1144 1033 ut
1182 990 1222 1033 si
1252 989 1371 1034 absit
1401 1002 1427 1032 a
1457 988 1598 1032 Terra
1628 987 1740 1046 58519
1775 988 2114 1033 semidiametris
2146 989 2335 1044 Terrae,
2380 1001 2407 1032 a
2437 987 2570 1031 Luna

314 1067 419 1100 vero
452 1053 509 1112 ἓξ,
528 1054 732 1111 partibus
756 1054 1073 1099 semidiametri
1094 1056 1276 1102 Terrae.
1315 1055 1440 1099 Idem
1472 1067 1576 1098 vero
1607 1053 1744 1109 paulo
1775 1053 1922 1099 adhuc
1952 1056 2138 1111 propius
2162 1055 2391 1100 admotum
2412 1055 2571 1099 Lunae

308 1121 406 1178 jam
433 1121 611 1166 Lunam
641 1121 894 1165 trahentem
928 1126 1157 1179 sequetur,
1189 1122 1501 1179 praepollente
1533 1122 1633 1178 ejus
1663 1120 1707 1164 vi
1738 1120 1794 1164 ob
1824 1120 2223 1177 propinquitatem.

487 1188 560 1234 78.
588 1187 722 1232 Initio
755 1188 934 1244 quidem
966 1200 1138 1245 parum,
1170 1195 1217 1232 at
1246 1188 1449 1245 proxime
1479 1187 1655 1230 Lunam
1685 1185 1815 1229 valde
1845 1186 2050 1244 multum,
2089 1192 2140 1231 ut
2171 1186 2322 1231 statim
2353 1185 2568 1244 sequitur,

313 1255 422 1300 item
458 1267 618 1312 parum
659 1253 783 1298 utilis
823 1253 958 1309 plane
995 1253 1107 1298 nihil
1147 1254 1478 1308 annitentibus,
1521 1252 1718 1296 nitentes
1758 1265 1863 1296 vero
1903 1266 2068 1310 corpus
2107 1252 2266 1297 tollere
2309 1252 2443 1298 etiam
2473 1257 2570 1296 tum

311 1319 455 1378 juvat,
489 1333 590 1366 cum
621 1319 769 1364 adhuc
799 1320 940 1364 Terra
969 1319 1235 1377 praepollet.
1295 1319 1410 1364 Vide
1442 1331 1578 1375 supra
1604 1331 1726 1361 num.
1760 1318 1832 1364 62.

484 1385 555 1431 79.
587 1384 702 1430 Vide
733 1399 853 1429 num.
887 1386 956 1441 67,
989 1385 1060 1442 68,
1091 1387 1164 1433 69.
1224 1385 1389 1431 Videat
1419 1398 1524 1428 vero
1556 1383 1721 1438 viator,
1765 1389 1818 1428 ut
1857 1384 1921 1429 sic
1950 1383 2163 1429 incolumi
2195 1395 2383 1440 corpore
2412 1395 2569 1439 perve-

317 1449 450 1503 nerit,
482 1454 536 1494 ut>
563 1449 698 1494 etiam
730 1449 982 1507 expergisci
1012 1452 1172 1507 possit.
1221 1451 1453 1508 Allegoria
1483 1451 1556 1496 hic
1587 1451 1826 1507 probatam
1855 1450 2122 1495 medicinam
2151 1451 2363 1507 propinat
2391 1448 2461 1507 iis,
2494 1449 2571 1505 qui

317 1516 586 1572 virginitatis
616 1521 720 1561 voto
753 1523 859 1561 sunt
890 1516 1094 1563 obstricti
1125 1524 1283 1563 contra
1312 1523 1462 1562 motus
1502 1516 1761 1562 naturales:
1809 1516 2163 1574 speculationem
2194 1516 2433 1570 intentam,
2468 1528 2571 1560 con-

313 1583 497 1640 tinuam,
529 1588 824 1628 aestuantem.

486 1650 558 1696 80.
592 1649 725 1706 Quod
766 1663 905 1707 supra
946 1665 1065 1696 num.
1098 1653 1136 1697 6.
1169 1663 1410 1709 corporum
1451 1656 1638 1696 naturae
1680 1648 1811 1694 valde
1841 1647 2078 1695 adversum
2110 1654 2156 1694 et
2185 1647 2438 1703 inimicum,
2481 1647 2570 1692 imo

313 1714 606 1774 impossibile.

484 1782 555 1828 81.
587 1782 973 1828 Jucundissimum
1002 1785 1127 1839 mihi,
1158 1784 1314 1830 eadem
1344 1797 1462 1842 pene
1493 1784 1631 1829 verba
1661 1797 1732 1829 me
1763 1783 1810 1827 in
1840 1781 2088 1828 Plutarcho
2113 1781 2209 1839 Jam
2239 1779 2454 1826 invenire.

488 1849 556 1894 82.
589 1847 704 1904 Quia
737 1849 921 1906 spiritus
951 1850 1239 1895 tenebrarum
1272 1849 1507 1906 dicuntur,
1538 1856 1589 1894 ut
1620 1862 1757 1905 supra
1786 1863 1907 1894 num.
1941 1851 2009 1895 55.
2052 1848 2142 1894 Sed
2180 1848 2395 1905 allegoria
2423 1845 2572 1891 itineri

313 1927 396 1972 per
428 1915 631 1959 umbram
665 1921 898 1971 comparat
933 1916 1294 1960 observationem
1332 1914 1588 1972 eclipsium,
1632 1914 1726 1959 Soli
1766 1914 1947 1970 negotia
1986 1915 2190 1971 politica,
2230 1913 2433 1959 cavernis
2473 1925 2570 1958 um-

313 1980 461 2027 brosis
491 1980 650 2025 Lunae
681 1993 910 2025 secessum
942 1987 988 2025 et
1018 1980 1201 2026 umbras
1234 1981 1551 2037 scholasticas,
1583 1994 1734 2025 morae
1764 1981 1809 2024 in
1841 1980 2044 2024 cavernis
2077 1979 2432 2036 speculationem
2463 1991 2571 2023 con·

313 2047 546 2100 tinuatam,
582 2046 975 2091 observationibus
1008 2046 1243 2102 eclipsium
1273 2047 1573 2092 insistentem.
1635 2047 1750 2091 Erat
1779 2046 1887 2090 mihi
1917 2045 2088 2101 Pragae
2119 2045 2359 2101 habitatio,
2404 2044 2450 2088 in
2482 2056 2574 2100 qua

313 2111 464 2158 nullus
497 2111 689 2168 angulus
721 2111 870 2168 aptior
901 2112 1205 2158 observationi
1238 2112 1444 2158 diametri
1476 2113 1608 2169 Solis,
1640 2126 1774 2169 quam
1805 2111 1920 2174 cella
1952 2112 2233 2157 cerevisiaria
2264 2111 2573 2166 subterranea,

236 2231 244 2236 ‚
317 2193 375 2224 ex
406 2179 535 2235 cujus
566 2178 706 2223 fundo
738 2192 820 2235 per
850 2178 1052 2223 foramen
1085 2178 1274 2223 sublime
1304 2180 1462 2224 tubum
1485 2178 1851 2235 astronomicum,
1883 2178 1930 2222 in
1953 2177 2124 2235 Opticis
2147 2178 2437 2235 descriptum,
2468 2174 2572 2220 diri-

314 2258 419 2303 gere
456 2259 554 2291 sum
594 2245 753 2290 solitus
795 2246 841 2289 in
873 2245 1025 2291 Solem
1064 2244 1361 2289 meridianum
1393 2244 1551 2290 diebus
1591 2243 1920 2290 solstitialibus.
1982 2243 2072 2290 Sed
2102 2243 2222 2289 hanc
2258 2249 2435 2301 partem
2465 2241 2572 2287 alle·

312 2311 464 2369 goriae
493 2310 629 2355 latius
662 2310 832 2356 diducit
861 2325 1074 2357 numerus
1106 2312 1179 2357 83.
1212 2324 1405 2368 sequens
1436 2311 1750 2367 (desideratur).

489 2376 560 2422 84.
592 2376 725 2431 Quod
756 2375 807 2420 fit
839 2376 911 2421 die
943 2377 983 2421 7.
1016 2376 1086 2420 vel
1116 2376 1159 2421 8.
1191 2383 1299 2433 post
1331 2377 1517 2435 eclipsin
1549 2378 1722 2434 Lunae,
1755 2382 1805 2422 ut
1834 2378 1966 2426 infra.

488 2442 559 2487 85.
594 2440 851 2487 Crebriores
886 2441 1003 2486 Solis
1036 2454 1170 2498 quam
1201 2443 1358 2490 Lunae
1390 2443 1601 2489 eveniunt
1631 2443 1795 2489 totales
1829 2443 2049 2490 defectus.

489 2507 561 2555 86.
593 2508 743 2552 Locus
775 2521 914 2565 supra
934 2511 1006 2554 55.
1041 2509 1312 2564 explicatius
1342 2510 1616 2568 propositus.
1677 2511 1770 2555 Sed
1801 2511 1859 2556 ad
1889 2510 2149 2568 allegoriam
2176 2509 2214 2554 si
2245 2506 2462 2560 traxeris,
2495 2506 2572 2551 eli-

319 2573 410 2620 cies
437 2573 533 2631 jam
563 2572 759 2618 vicissim
789 2573 1122 2630 praedictiones
1153 2575 1387 2632 eclipsium
1417 2575 1643 2634 solarium,
1675 2575 1900 2622 derivatas
1921 2589 1979 2621 ex
1999 2575 2324 2632 speculatione,
2357 2585 2472 2630 quae
2494 2573 2572 2619 ob-

317 2639 560 2687 servationi
591 2639 889 2695 deliquiorum
919 2640 1143 2686 lunarium
1173 2641 1394 2688 innititur.

489 2707 562 2752 87.
595 2704 642 2749 Si
673 2711 743 2751 est
774 2706 893 2751 enim
924 2712 975 2751 ut
1006 2707 1336 2752 semidiameter
1367 2706 1484 2752 Solis
1515 2706 1574 2752 ad
1603 2707 1980 2753 semidiametrum
2002 2706 2121 2752 orbis
2143 2706 2339 2761 Saturni,
2371 2705 2434 2750 sic
2458 2703 2572 2748 haec
2649 2702 2652 2708 '

318 2772 376 2818 ad
408 2772 787 2817 semidiametrum
816 2770 1023 2830 fixarum,
1055 2780 1106 2819 ut
1137 2787 1164 2818 a
1193 2774 1331 2831 priori
1364 2773 1529 2819 deduxi
1560 2774 1650 2829 Ep.
1681 2775 1800 2818 Astr.
1833 2774 1934 2819 Lib.
1956 2773 2039 2817 IV:
2071 2772 2123 2816 fit
2153 2778 2204 2817 ut
2226 2770 2425 2817 Saturnii
2456 2768 2572 2815 coeli

318 2839 646 2884 semidiameter
674 2839 750 2883 vix
781 2839 838 2884 sit
868 2839 936 2884 bis
964 2839 1201 2884 millesima
1231 2838 1549 2884 semidiametri
1580 2839 1772 2884 fixarum
1804 2839 2046 2896 sphaerae,
2086 2838 2201 2883 coeli
2229 2852 2362 2894 vero,
2403 2837 2449 2881 in
2481 2849 2571 2893 quo

318 2905 458 2950 Terra
489 2917 588 2948 cum
619 2904 761 2958 Luna,
792 2904 867 2948 vix
899 2904 1037 2950 vicies
1069 2904 1317 2962 millesima,
1351 2911 1396 2950 et
1424 2905 1595 2950 lunaris
1617 2905 1837 2962 sphaerae
1859 2903 2187 2950 semidiameter
2218 2910 2288 2949 est
2307 2916 2415 2961 pars
2436 2903 2494 2962 ᾗ
2516 2901 2573 2946 de

319 2970 650 3016 semidiametro
685 2969 780 3027 jam
822 2970 928 3014 dicti
969 2970 1094 3015 coeli.
1154 2970 1396 3016 Variantur
1432 2971 1568 3028 igitur
1607 2970 1843 3015 intervalla
1881 2971 2076 3015 Telluris
2114 2984 2141 3014 a
2169 2971 2274 3016 fixis
2311 2973 2443 3028 parte
2480 2979 2573 3012 non
2647 2989 2652 2994 ·

317 3036 488 3093 majore
520 3047 654 3092 quam
676 3041 745 3079 est
773 3035 922 3080 decies
944 3035 1192 3093 millesima,
1223 3037 1381 3082 Lunae
1409 3051 1514 3082 vero
1546 3037 1844 3094 digressiones
1866 3037 2084 3093 adjiciunt
2105 3037 2243 3094 hujus
2263 3043 2354 3082 tam
2375 3035 2572 3080 minutae

317 3100 577 3146 variationis
607 3099 875 3156 particulam
914 3100 1092 3148 circiter
1131 3103 1413 3148 tricesimam.
1473 3102 1546 3147 Ita
1576 3104 1720 3148 omnis
1750 3103 1909 3148 Lunae
1939 3116 1967 3147 a
1996 3103 2099 3148 fixis
2130 3102 2347 3159 digressio
2380 3099 2574 3146 efficitur

322 3168 458 3226 plane
487 3165 770 3212 insensibilis.

491 3234 564 3278 88.
595 3234 710 3289 Quia
739 3233 871 3278 Luna
902 3244 1080 3291 semper
1110 3233 1292 3280 easdem
1321 3234 1520 3279 maculas
1552 3234 1609 3279 ad
1640 3247 1722 3279 nos
1755 3233 1949 3279 Telluris
1980 3233 2152 3279 incolas
2173 3233 2408 3290 convertit,
2440 3244 2496 3276 ex
2518 3243 2572 3276 eo

319 3299 626 3355 intelligimus,
656 3299 781 3344 illam
811 3299 1044 3345 circumire
1075 3301 1282 3356 Terram,
1314 3299 1499 3355 perinde
1530 3313 1582 3344 ac
1613 3300 1651 3344 si
1680 3300 1757 3344 filo
1789 3305 1910 3346 esset
1938 3300 2006 3344 illi
2037 3314 2234 3358 annexa,
2268 3305 2314 3345 et
2341 3304 2472 3357 parte
2502 3296 2572 3343 sui

320 3364 554 3421 superiore
585 3378 835 3422 nunquam,
843 3365 994 3411 videre
1025 3365 1222 3420 Terram,
1256 3371 1387 3421 parte
1418 3378 1499 3410 seu
1527 3365 1856 3422 hemisphaerio
1886 3366 2086 3411 inferiori
2118 3380 2306 3424 semper

493 3429 564 3475 89.
598 3431 669 3476 90.
702 3430 846 3486 Quam
875 3444 958 3476 nos
991 3429 1176 3483 Terram
1214 3429 1514 3488 appellamus,
1561 3429 1754 3475 Telluris
1793 3430 1990 3487 incolae,
2038 3446 2135 3477 eam
2166 3447 2223 3479 ex
2253 3429 2571 3500 imaginatione

321 3494 590 3552 populorum
621 3496 848 3541 lunarium
876 3497 1009 3542 libuit
1040 3496 1269 3553 appellare
1300 3496 1502 3542 Volvam.
1563 3496 1947 3552 Quemadmodum
1989 3499 2106 3543 enim
2138 3499 2270 3544 nobis
2300 3502 2570 3542 nocturnum
2639 3503 2641 3505 ’

320 3561 539 3606 luminare
570 3563 781 3608 hebraice
812 3564 1030 3610 Lebhana
1060 3562 1223 3608 dicitur
1253 3576 1280 3607 a
1310 3562 1459 3606 colore
1491 3561 1713 3607 albicante
1745 3569 1790 3608 et
1820 3564 2011 3609 dialecto
2042 3565 2256 3610 hetrusca
2287 3564 2361 3620 (ex
2392 3561 2570 3619 punica,
2631 3576 2648 3606 ἢ

322 3632 374 3672 ιιι
402 3631 512 3683 puto
522 3660 535 3683 ,
568 3628 781 3687 derivata)
812 3629 966 3688 Luna,
1010 3642 1172 3687 graece
1204 3629 1363 3674 Selene
1394 3642 1422 3674 a
1450 3633 1596 3685 σελας,
1642 3629 1762 3685 quod
1802 3630 2072 3676 albicantem
2102 3631 2292 3676 nitorem
2333 3627 2569 3686 significat,

325 3690 492 3747 quippe
522 3694 650 3737 nobis
681 3694 727 3738 in
759 3695 899 3740 Terra
928 3695 1212 3741 versantibus
1242 3695 1345 3739 talis
1379 3701 1586 3752 apparet,
1633 3696 1698 3739 sic
1727 3694 1859 3738 etiam
1890 3698 2069 3754 populis
2100 3698 2334 3742 lunaribus
2365 3695 2570 3752 appella-
2636 3743 2639 3749 ,

323 3755 492 3800 tionem
522 3763 703 3803 nostrae
734 3760 954 3814 Telluris,
997 3775 1130 3818 quam
1157 3761 1225 3804 illi
1254 3761 1354 3806 loco
1386 3761 1576 3816 alicujus
1606 3761 1762 3806 Lunae
1792 3762 1963 3820 vident,
2005 3764 2060 3808 ab
2092 3761 2387 3820 apparitionis
2419 3761 2570 3818 specie
2640 3783 2646 3788 >

326 3821 570 3866 derivatam
598 3824 733 3869 tribui
763 3839 845 3882 par
882 3832 962 3871 est.
1023 3828 1229 3883 Apparet
1258 3840 1364 3872 vero
1395 3827 1450 3872 iis
1481 3827 1641 3883 globus
1683 3827 1769 3873 iste
1805 3829 1851 3872 in
1883 3830 2008 3875 coelo
2047 3834 2269 3886 perpetua
2308 3840 2409 3871 cum
2445 3826 2568 3872 volu-

324 3886 447 3937 tione
478 3887 597 3934 circa
641 3900 771 3934 suum
801 3903 933 3936 axem
971 3891 1265 3950 immobilem,
1308 3894 1437 3951 cujns
1475 3893 1716 3940 volutionis
1754 3894 1969 3941 indicium
2008 3894 2242 3941 desumere
2279 3892 2371 3938 illis
2406 3891 2514 3938 licet
2542 3903 2570 3936 a
