2652 4088
309 148 381 208 46
1219 147 1250 193 J
1252 142 1408 193 oannis
1438 142 1626 204 Kepleri

308 298 494 343 Terram
524 294 705 351 attingit
734 293 781 337 in
811 292 970 350 eclipsi
999 292 1118 339 Solis
1146 292 1296 350 totali,
1339 291 1582 338 daemones
1617 304 1701 350 per
1740 304 1843 337 eum
1870 293 2166 343 revertuntur
2196 288 2244 336 in
2273 289 2463 348 Terras,
2502 297 2556 337 ut

308 361 427 406 infra
457 375 575 406 num.
608 359 682 404 86.
740 358 838 402 Hae
878 371 983 403 vero
1025 357 1286 403 occasiones
1324 368 1453 402 rarae
1495 362 1615 403 sunt.
1677 359 1909 414 Quatenus
1948 368 2054 401 vero
2092 356 2180 402 hoc
2218 356 2319 402 loco
2363 356 2555 401 daemon

309 428 501 472 sumitur
529 438 610 482 pro
643 423 831 469 scientia
867 425 1190 480 astronomica,
1234 423 1351 468 seria
1391 423 1477 468 erit
1507 423 1770 481 affirmatio,
1811 438 1903 470 non
1933 422 2056 468 aliud
2098 436 2198 468 esse
2227 425 2313 468 iter
2342 423 2481 468 menti
2510 423 2557 467 in

305 494 494 550 Lunam,
525 490 611 535 nisi
640 503 723 547 per
743 489 948 535 umbram
969 490 1136 535 Terrae
1167 495 1213 533 et
1242 500 1359 545 quae
1388 487 1496 547 hinc
1527 487 1783 546 dependent
1806 489 1908 535 alia.
1958 487 2072 534 Vide
2095 488 2415 547 Sciametriam,
2445 489 2555 546 Hip·

308 558 466 616 parchi
495 562 685 613 partem.

480 621 548 665 56.
583 620 630 665 Si
661 619 903 675 allegoriae
933 618 1204 675 insistimus,
1243 617 1378 663 facile
1416 622 1487 663 est
1526 619 1707 673 rationi,
1730 618 1999 664 adminiculo
2039 617 2320 663 sciametriae
2361 619 2470 664 eniti
2500 617 2560 664 ad

306 684 605 742 cognitionem
633 697 784 728 rerum
815 683 1098 740 coelestium3
1143 684 1211 728 sin
1244 683 1299 728 de
1329 688 1492 728 natura
1523 698 1762 742 corporum
1803 691 1848 730 et
1878 685 2116 742 spirituum
2148 685 2419 741 cogitamus,
2461 699 2558 730 rnr-

306 765 405 797 sum
433 755 561 808 patet
587 750 703 794 ratio
735 749 956 794 affirmati.
1007 750 1071 794 Et
1099 749 1312 806 indulgeo
1335 762 1445 794 sane
1466 749 1540 795 hic
1566 750 1686 807 joco,
1717 752 1868 796 fronte
1891 750 2069 807 quidem
2099 750 2146 794 in
2166 750 2398 807 physicam
2424 751 2559 796 ratio·

305 818 574 863 cinationem
614 816 811 869 intenta,
857 815 914 859 ad
944 813 1088 859 latera
1132 826 1238 859 vero
1277 814 1463 872 spiculis
1507 816 1712 873 satyricis
1744 817 1913 874 passim
1953 815 2163 861 evibratis
2197 815 2244 860 in
2276 821 2558 873 spectatores

307 896 376 928 su1
406 894 604 928 securos.

480 949 550 994 57.
580 947 679 991 Hoc
710 945 911 1003 intellige
932 945 1133 1003 physice,
1167 945 1206 990 si
1235 959 1421 1004 corpus,
1455 947 1527 992 cui
1557 960 1641 992 sua
1671 948 1882 1006 gravitas,
1912 948 2051 994 horae
2074 947 2219 1004 spatio
2241 959 2323 1003 per
2344 946 2400 991 <12
2422 946 2561 991 millia

304 1013 563 1059 milliarium
592 1011 795 1069 rapiatur
825 1011 871 1055 in
904 1011 1059 1056 altum.
1119 1011 1250 1056 Adde
1279 1013 1575 1069 privationem
1607 1015 1738 1070 aeris,
1771 1015 1827 1059 de
1858 1028 1947 1071 qua
1978 1029 2100 1062 num.
2133 1016 2204 1068 71,
2238 1028 2328 1071 qua
2357 1014 2560 1060 homines

304 1079 452 1138 perire
482 1091 669 1125 necesse
701 1083 783 1133 est,
815 1080 867 1121 ut
896 1077 1044 1134 pisces
1075 1078 1324 1135 privatione
1356 1092 1516 1136 aquae.
1566 1079 1682 1123 Nam
1711 1080 1830 1125 inter
1860 1081 2084 1137 dogmata,
2118 1092 2234 1135 quae
2263 1080 2560 1135 praestantis-

305 1145 429 1190 simis
461 1143 659 1201 physicis
693 1148 881 1199 accepta
910 1141 1020 1199 fero,
1052 1143 1140 1188 hoc
1171 1144 1306 1188 etiam
1338 1153 1420 1202 est,
1453 1144 1571 1188 aeris
1603 1144 1887 1201 superficiem
1919 1159 2020 1190 cum
2050 1146 2161 1202 ipsis
2186 1145 2406 1189 montium
2437 1145 2561 1190 altis-

306 1212 519 1257 simorum
550 1208 743 1264 fastigiis
776 1213 855 1252 aut
886 1207 1019 1251 etiam
1050 1207 1240 1253 inferius
1271 1209 1515 1253 terminari.

479 1276 548 1322 58.
581 1274 750 1319 Crebra
779 1279 1021 1318 occurrunt
1049 1273 1096 1317 in
1128 1274 1306 1330 scriptis
1329 1275 1557 1332 Tychonis
1588 1274 1752 1319 Brahei
1781 1275 1949 1331 probra
1979 1275 2185 1331 conjecta
2223 1275 2268 1319 in
2299 1274 2559 1331 huiusmodi

307 1341 526 1396 homines,
560 1340 637 1396 qui
665 1343 816 1408 tamen
847 1338 1183 1398 philosophiam
1209 1340 1398 1399 Jactant,
1432 1341 1536 1386 dum
1567 1341 1666 1398 ipse
1698 1354 1805 1387 suos
1828 1340 2008 1387 labores
2031 1341 2295 1399 vigiliasque
2316 1348 2560 1389 nocturnas

309 1413 556 1465 comparat.

483 1474 554 1518 59.
587 1470 786 1528 Respexi
817 1469 872 1514 ad
903 1470 1199 1528 epigramma,
1241 1486 1329 1529 quo
1362 1471 1466 1516 olim
1491 1472 1675 1529 jocatus
1707 1486 1805 1517 sum
1835 1472 1880 1516 in
1911 1473 2116 1518 habitum
2155 1473 2356 1530 corporis
2387 1473 2561 1517 Maest-

304 1538 385 1584 lini
413 1535 719 1595 praeceptoris
751 1541 859 1581 tunc
890 1536 998 1581 mei:
1038 1536 1138 1595 Quo
1168 1538 1309 1583 levius
1335 1539 1501 1596 yracili
1525 1539 1616 1595 fert
1645 1552 1835 1596 corpore
1856 1540 2064 1596 pondus,
2097 1538 2182 1585 hoc
2211 1539 2346 1584 citius
2375 1552 2567 1596 superas

305 1605 453 1650 evolat
487 1605 563 1650 ille
600 1603 769 1649 domos.
832 1602 1068 1647 Gracilitas
1107 1603 1274 1659 ingenii
1321 1604 1499 1650 subtilis
1537 1608 1609 1650 est
1644 1610 1768 1651 nota.
1829 1604 2013 1649 Interim
2053 1604 2295 1661 ignoscite,
2338 1603 2415 1660 qui
2456 1603 2565 1649 estis

305 1669 473 1727 puncti.
2242 1725 2246 1729 ⁸

477 1735 544 1782 60.
578 1735 652 1780 En
682 1732 848 1779 Aulida
878 1739 923 1778 et
953 1733 1127 1790 foedus,
1162 1734 1283 1790 quod
1315 1734 1496 1791 Trojam
1527 1735 1739 1792 perdidit.
1800 1735 1915 1780 Mihi
1943 1748 2050 1780 vero
2091 1739 2265 1779 tantum
2291 1733 2436 1790 jocari
2468 1738 2566 1779 erat

305 1801 478 1846 animus
508 1805 554 1845 et
576 1799 734 1856 jocose
765 1799 1084 1857 argumentari.
1126 1799 1173 1844 Si
1204 1813 1360 1845 verum
1392 1808 1474 1857 est,
1506 1801 1705 1858 inquam,
1739 1800 1862 1857 quod
1894 1800 1949 1845 de
1983 1799 2103 1856 sagis
2134 1800 2319 1845 tradunt
2348 1799 2566 1856 pleraque

301 1866 556 1922 tribunalia,
589 1865 710 1922 quod
738 1865 844 1910 illae
875 1870 1244 1923 transportentur
1273 1880 1356 1923 per
1389 1871 1561 1925 aerem,
1593 1867 1677 1912 erit
1708 1866 1826 1912 forte
1858 1873 1904 1912 et
1932 1867 2019 1912 hoc
2048 1865 2288 1924 possibile,
2319 1871 2371 1910 ut
2400 1877 2565 1922 corpus

305 1931 489 1988 aliquod
519 1931 671 1976 Terris
703 1931 927 1976 divulsum
956 1931 1225 1987 importetur
1253 1933 1300 1976 in
1331 1932 1523 1977 Lunam.

478 1998 547 2043 61.
577 1997 665 2042 Est
707 1998 824 2043 inter
865 2002 1112 2054 apparatus
1150 1997 1356 2053 jocorum
1399 2004 1444 2042 et
1481 1997 1590 2055 hoc,
1631 2002 1682 2043 ut
1720 1998 1826 2043 dum
1869 1997 2138 2056 applausum
2180 1998 2312 2044 unius
2353 1997 2565 2044 audiente

304 2061 446 2109 altero
478 2069 663 2121 captare
695 2063 915 2119 censeris,
960 2062 1094 2108 ferias
1126 2069 1172 2108 et
1201 2063 1324 2108 hunc
1363 2069 1408 2109 et
1438 2064 1708 2120 proximum.
1768 2064 1971 2110 Laudem
2001 2071 2154 2109 tamen
2198 2065 2336 2110 habet
2376 2070 2427 2111 ut
2457 2065 2565 2110 Ger-

303 2130 452 2175 mania
482 2129 791 2188 corpulentiae
822 2135 869 2174 et
895 2128 1143 2184 edacitatis,
1178 2130 1243 2174 sic
1263 2129 1484 2185 Hispania
1515 2128 1683 2185 ingenii
1714 2133 1760 2174 et
1784 2129 1943 2186 J'udicii
1975 2134 2020 2174 et
2050 2128 2336 2186 frugalitatis.
2386 2130 2439 2174 In
2462 2129 2565 2175 sub-

302 2195 459 2241 tilibus
488 2195 627 2252 igitur
657 2194 867 2251 scientiis,
901 2193 1154 2250 cujusmodi
1186 2201 1255 2240 est
1286 2194 1561 2239 astronomia
1593 2196 1656 2251 (et
1685 2195 1953 2251 praesertim
1982 2196 2097 2240 haec
2128 2195 2321 2252 lunaris,
2354 2202 2566 2241 constans

303 2260 527 2319 positione
558 2261 783 2318 insolenti,
817 2261 855 2306 si
886 2261 985 2317 quis
1019 2274 1075 2305 ex
1105 2261 1236 2305 Luna
1268 2262 1528 2317 spectaret),
1574 2260 1611 2305 si
1641 2260 1811 2317 pariter
1841 2260 2102 2306 annitantur
2133 2260 2380 2305 Germanus
2414 2264 2460 2303 et
2488 2259 2566 2303 Hi·

306 2339 489 2383 spanus,
520 2327 711 2372 multum
742 2327 816 2371 hic
845 2329 1116 2382 praevertet.
1177 2325 1239 2369 Et
1270 2324 1475 2369 libellum
1501 2324 1639 2381 igitur
1669 2325 1792 2370 hunc
1833 2325 2039 2382 praedixi
2082 2324 2326 2371 deridiculo
2363 2324 2566 2371 futurum

307 2391 556 2450 Germanis,
590 2398 636 2437 at
666 2393 712 2436 in
744 2392 896 2448 aliquo
929 2404 1069 2436 censu
1100 2391 1330 2448 Hispanis·

479 2458 550 2504 62.
581 2458 770 2503 Duratio
803 2457 983 2514 eclipsis
1004 2458 1162 2502 Lunae
1194 2457 1406 2502 centralis
1438 2457 1493 2501 ab
1525 2457 1655 2502 initio
1688 2457 1746 2503 ad
1776 2458 1924 2515 finem,
1955 2457 2250 2503 luminaribus
2282 2457 2328 2501 in
2350 2457 2564 2515 apogaeis

307 2525 401 2570 suis
433 2524 715 2581 constitutis,
750 2523 948 2568 excurrit
977 2523 1182 2580 pauculis
1212 2523 1394 2568 minutis
1425 2523 1627 2568 ulterius.
1688 2524 1775 2569 Est
1806 2524 1922 2568 enim
1963 2523 2208 2580 parallaxis
2241 2522 2358 2568 Solis
2389 2525 2432 2569 O‘
2463 2523 2564 2581 59⁴⁴,

312 2588 471 2635 Lunae
503 2591 575 2636 58¹
608 2590 710 2647 22“,
745 2601 918 2633 summa
949 2589 1019 2633 59¹
1049 2590 1147 2645 21“,
1180 2589 1512 2635 semidiameter
1544 2588 1660 2634 Solis
1686 2592 1754 2635 15¹
1775 2591 1846 2647 0¹¹,
1881 2602 1987 2646 ergo
2019 2590 2349 2637 semidiameter
2379 2590 2566 2636 umbrae

314 2655 390 2701 44¹
421 2656 520 2700 21¹‘.
583 2657 663 2702 Cui
695 2655 849 2700 addita
880 2654 1210 2700 semidiameter
1239 2654 1397 2699 Lunae
1432 2656 1498 2699 15¹
1529 2655 1602 2709 O“,
1637 2667 1854 2699 summam
1885 2655 2086 2700 restituit
2106 2657 2176 2702 59¹
2200 2659 2299 2703 21¹⁴.
2345 2657 2567 2703 Horatius

312 2735 418 2767 vero
448 2722 606 2767 Lunae
636 2734 769 2766 verus
800 2721 874 2766 29‘
906 2721 1016 2773 44⁰,
1059 2718 1178 2765 Solis
1208 2721 1253 2765 2¹
1284 2720 1395 2778 23⁴¹,
1438 2721 1597 2766 Lunae
1635 2733 1663 2764 a
1695 2721 1797 2766 Sole
1829 2722 1902 2766 271
1933 2722 2041 2777 21⁰,
2090 2722 2220 2778 cujus
2261 2724 2447 2781 duplum
2485 2736 2566 2780 pro

311 2787 435 2832 horis
467 2788 642 2832 duabus
682 2787 880 2831 ablatum
917 2784 1132 2841 relinquit
1162 2785 1203 2828 4¹
1236 2785 1338 2831 39⁴¹.
1400 2785 1490 2831 Sed
1520 2787 1562 2831 4¹
1595 2785 1683 2831 33¹¹
1714 2787 1815 2832 30“¹
1854 2786 2151 2831 conficiuntur
2189 2789 2371 2833 minutis
2403 2791 2480 2847 10,
2523 2795 2568 2834 et

313 2851 495 2896 residua
525 2853 581 2897 δ”
613 2854 714 2899 30”’
744 2851 953 2896 secundis
989 2852 1062 2903 12,
1092 2850 1246 2907 itaque
1276 2857 1373 2895 tota
1404 2851 1581 2896 duratio
1614 2851 1666 2895 fit
1703 2852 1916 2896 horarum
1947 2852 1988 2895 4.
2022 2852 2095 2897 20‘
2116 2853 2216 2897 25¹‘.
2262 2855 2388 2900 Haec
2417 2862 2567 2900 tamen

314 2917 551 2975 prolixitas
583 2924 652 2963 est
682 2918 926 2964 rarissima.
986 2918 1130 2974 Igitur
1161 2917 1200 2961 si
1229 2930 1391 2973 corpus
1423 2916 1607 2973 aliquod
1632 2917 1784 2962 Terris
1815 2916 2069 2973 profectum
2100 2918 2258 2964 Lunae
2288 2919 2569 2965 inferendum

315 2989 398 3043 est,
428 2983 541 3030 illud
582 2983 790 3040 equidem
826 2990 905 3029 aut
943 2984 1109 3028 multos
1150 2995 1231 3039 per
1273 2983 1367 3028 dies
1399 2983 1445 3027 in
1486 2995 1598 3026 cono
1639 2983 1823 3028 umbrae
1855 2983 2023 3028 Terrae
2065 2983 2252 3030 sublime
2292 2986 2569 3031 circumferri

317 3048 464 3103 debet,
497 3054 548 3094 ut
578 3048 634 3093 ad
665 3055 940 3094 momentum
960 3049 1189 3103 ingressus
1210 3047 1367 3091 Lunae
1398 3047 1444 3091 in
1464 3047 1584 3092 hunc
1607 3062 1769 3092 conum
1789 3054 1972 3105 praesto
1996 3050 2066 3107 sit,
2100 3056 2178 3094 aut
2211 3050 2247 3094 si
2270 3051 2356 3095 hoc
2378 3058 2569 3096 naturae

316 3113 515 3170 corporis
556 3113 688 3159 valde
732 3114 967 3159 adversum
1008 3119 1054 3159 et
1082 3113 1310 3158 inimicum
1349 3119 1440 3171 est,
1485 3118 1632 3158 totum
1661 3115 1748 3159 iter
1779 3128 1804 3160 a
1836 3115 1976 3160 Terra
2004 3117 2062 3161 ad
2093 3117 2270 3161 Lunam
2307 3117 2568 3162 brevissimo

313 3179 394 3224 illo
425 3183 647 3236 tempore,
681 3193 770 3236 quo
801 3181 933 3226 Luna
963 3179 1008 3223 in
1040 3192 1152 3223 cono
1184 3179 1368 3224 umbrae
1399 3184 1629 3237 versatur,
1677 3180 1965 3225 transmittet.
2029 3183 2237 3240 Suppetit
2268 3189 2313 3227 et
2344 3197 2482 3228 causa
2512 3197 2569 3228 ex

315 3242 603 3301 philosophia
632 3245 897 3300 magnetica.
950 3245 1082 3288 Luna
1111 3243 1264 3287 Terris
1297 3249 1537 3300 cognatum
1567 3258 1732 3301 corpus
1765 3251 1848 3291 est.
1907 3247 2065 3294 Multis
2095 3249 2141 3292 id
2171 3249 2365 3294 adstruit
2394 3250 2569 3295 Plutar-

317 3307 428 3353 chus
457 3307 610 3353 libello
641 3309 697 3354 de
728 3309 843 3355 facie
863 3311 1020 3355 Lunae
1045 3309 1121 3353 hic
1151 3308 1381 3367 adjuncto,
1412 3310 1460 3354 in
1489 3322 1682 3367 persona
1703 3311 1834 3355 unius
1857 3324 1913 3355 ex
1934 3313 2311 3370 colloquentibus.
2363 3314 2571 3360 Trahunt

319 3378 365 3418 et
394 3373 684 3419 Aristotelem
714 3375 761 3420 in
791 3382 945 3432 partes
975 3377 1244 3433 interpretes
1285 3375 1383 3431 ejus
1414 3377 1602 3422 Arabes.
1662 3377 1761 3421 Nisi
1792 3376 1925 3422 fallor
1965 3379 2114 3424 locum
2157 3380 2284 3425 illum
2313 3381 2387 3426 lib.
2420 3382 2479 3427 ΙΙ.
2514 3383 2570 3428 de

321 3438 460 3496 coelo,
493 3439 549 3484 de
582 3454 672 3498 quo
703 3441 750 3485 in
779 3442 1060 3498 praefatione
1090 3442 1137 3486 in
1166 3441 1243 3487 lib.
1264 3442 1339 3486 IV.
1372 3442 1606 3499 Epitomes
1628 3442 1810 3487 Astron.
1844 3443 2178 3500 Copernicanae
2210 3459 2307 3502 cap.
2335 3448 2406 3501 12,
2438 3449 2568 3494 nobis

319 3504 561 3551 inculcant.
623 3506 712 3552 Sed
758 3506 1076 3553 documentum
1126 3507 1506 3553 evidentissimum
1544 3507 1821 3564 cognationis
1868 3509 2005 3566 hujus
2051 3518 2120 3557 est
2158 3512 2204 3556 in
2240 3511 2368 3556 fluxu
2414 3518 2459 3558 et
2501 3527 2569 3558 re·

311 3568 445 3616 ⁴,fluxu
485 3572 642 3630 maris,
682 3572 738 3617 de
781 3586 869 3628 quo
914 3573 1015 3618 vide
1054 3573 1431 3618 introductionem
1470 3585 1615 3617 meam
1652 3573 1697 3616 in
1730 3573 2058 3620 Commentaria
2098 3577 2154 3622 de
2184 3579 2380 3623 motibus
2411 3579 2569 3625 stellae
2632 3618 2638 3630 .

320 3634 495 3679 Martis.
557 3636 690 3682 Luna
717 3637 764 3682 in
794 3638 960 3683 vertice
992 3639 1240 3683 constituta
1270 3638 1426 3684 oceani
1459 3638 1674 3695 atlantici,
1707 3639 1862 3683 oceani
1893 3642 2102 3688 australis
2135 3643 2265 3700 dicti,
2299 3645 2454 3690 oceani
2485 3646 2568 3703 eoi,

322 3700 477 3745 oceani
506 3699 664 3759 indici,
697 3703 884 3748 attrahit
914 3717 1055 3762 aquas
1087 3705 1253 3750 Terrae
1285 3703 1417 3762 globo
1450 3703 1755 3760 circumfusaS,
1789 3718 1878 3761 qua
1906 3705 2233 3762 prolectatione
2254 3709 2318 3767 fit,
2353 3716 2403 3755 ut
2423 3725 2569 3768 aquae

322 3764 522 3822 undique
551 3774 847 3823 properantes
879 3769 936 3813 ad
966 3770 1115 3815 locum
1156 3770 1406 3828 spatiosum
1435 3773 1745 3826 terrarumque
1777 3771 2111 3819 continentibus
2145 3789 2234 3820 non
2263 3775 2568 3834 interclusum,
2632 3779 2639 3782 ’

322 3831 401 3892 qui
429 3832 586 3878 Lunae
616 3833 674 3879 ad
702 3835 1074 3893 perpendiculum
1103 3842 1174 3883 est
1203 3836 1455 3894 subjectus,
1496 3836 1711 3895 detegant
1749 3834 1917 3884 littora.
1977 3839 2164 3887 Interim
2191 3855 2297 3887 vero
2329 3842 2434 3888 dum
2464 3848 2570 3889 sunt
