2652 4088
348 179 417 237 98
1207 175 1480 224 Plutarchus
1513 174 1568 224 de
1596 173 1732 224 Facie

343 335 430 389 est,
471 329 718 376 humectat
744 334 793 377 et
816 329 1064 392 refrigerat
1091 329 1155 378 ad
1179 344 1230 378 se
1258 329 1473 390 delatum
1509 342 1772 391 secumque
1799 328 2053 377 confusum
2071 323 2164 395 ⁹²).
2215 328 2295 378 Ita
2320 334 2368 377 et
2405 327 2479 375 illi
2516 342 2595 376 er-

343 409 466 461 rant,
508 403 591 463 qui
620 400 809 450 Lunam
833 404 1038 464 ignitum
1064 408 1111 450 et
1136 403 1367 450 torridum
1393 415 1566 463 corpus
1595 416 1702 450 esse
1742 404 2046 462 existimant,
2100 410 2149 450 et
2184 404 2269 464 qui
2307 401 2600 450 animalibus

343 475 488 536 hujus
514 473 650 535 globi
675 489 832 523 rerum
852 475 1111 523 earundem
1139 478 1328 537 copiam
1355 473 1524 522 adesse
1544 474 1792 536 postulant
1818 475 1882 522 ad
1913 481 2084 535 ortum,
2113 474 2528 523 alimentationem
2553 480 2602 522 et

343 549 541 607 victum,
581 560 706 608 quae
745 550 921 595 nostris
947 548 1077 596 hisce
1118 548 1410 595 animalibus
1435 554 1714 609 suppetunt,
1755 550 1789 594 ii
1827 547 2050 596 videntur
2088 547 2205 594 mihi
2231 549 2468 610 inexperti
2494 561 2599 596 esse

343 619 594 667 varietatis
631 620 681 665 in
719 621 1048 680 naturalibuS‚
1089 627 1142 668 ut
1182 623 1227 667 in
1268 635 1366 683 qua
1403 618 1544 682 plura
1582 619 1860 668 discrimina
1898 627 1945 668 et
1972 620 2093 682 -plus
2119 620 2483 682 inaequalitatis
2521 621 2600 667 vi-

344 691 455 739 dere
497 698 570 739 est
608 692 887 740 animalium
926 695 1052 741 inter
1089 708 1142 741 se
1182 695 1304 755 ipsa,
1344 707 1492 755 quam
1527 694 1651 741 inter
1689 693 1810 742 haec
1848 699 1896 741 et
1936 694 2166 742 inanima.
2242 694 2307 741 Et
2343 699 2397 741 ut
2433 694 2599 740 remit-

342 771 441 813 tam
480 763 552 811 illi
590 763 811 813 homines
851 779 931 814 ore
971 774 1189 814 carentes
1228 765 1472 827 odoreque
1501 767 1740 830 viventes,
1779 768 1819 814 si
1847 780 1944 813 non
1971 765 2168 831 (placet,
2208 767 2315 826 etsi,
2356 767 2442 828 qui
2477 764 2599 814 haee

341 844 561 896 narrant,
614 852 730 886 vera
769 838 936 886 afferre
974 838 1214 887 Pharnaci
1253 839 1333 887 vel
1372 838 1454 886 alii
1492 853 1552 886 ex
1588 837 1985 903 collocutoribus)
2032 852 2128 886 non
2167 838 2423 898 videntur3
2477 837 2599 885 Am-

339 912 495 958 monis
535 924 650 958 vero
689 911 970 959 facultatem
996 913 1137 960 nobis
1164 914 1268 974 ipse
1296 916 1486 960 enarret
1503 905 1592 971 ⁹³).
1644 911 1826 960 Allusit
1851 925 1967 959 vero
1994 910 2242 961 Hesiodus
2281 913 2350 959 sic
2389 925 2592 959 canens:
2621 907 2625 909 ’

342 983 461 1031 Non
508 990 705 1045 quanta
755 984 1052 1045 asphodelus
1102 986 1181 1032 vel
1228 986 1430 1032 malvae
1468 984 1732 1032 commoda
1775 990 2068 1045 praestant5
2122 983 2435 1046 Epimenides
2483 997 2597 1031 vero

343 1057 488 1104 rebus
516 1057 637 1118 ipsis
665 1058 1009 1118 conspicienda
1036 1057 1182 1117 dedit,
1227 1057 1420 1116 docens,
1461 1064 1685 1105 naturam
1724 1057 2043 1106 calefactione
2069 1056 2215 1119 plane
2241 1072 2397 1119 parva
2434 1056 2598 1104 fovere

343 1134 391 1178 et
429 1131 672 1177 continere
720 1129 925 1189 animal,
978 1136 1031 1178 ut
1068 1131 1109 1178 si
1148 1131 1198 1178 id
1236 1131 1315 1178 vel
1362 1130 1422 1178 ad
1481 1130 1642 1178 olivae
1691 1132 2030 1196 proceritatem
2077 1144 2354 1179 excrescere
2404 1127 2596 1188 debeat,

336 1200 473 1249 nulla
509 1217 652 1264 porro
692 1202 1058 1251 alimentatione
1096 1203 1327 1266 indigeat.
1393 1203 1459 1250 At
1498 1204 1582 1264 qui
1619 1216 1765 1265 super
1802 1203 1942 1251 Luna
1981 1203 2218 1263 habitant,
2257 1204 2301 1250 si
2343 1204 2426 1265 qui
2463 1206 2590 1264 sunt,

341 1288 425 1323 eos
466 1275 747 1337 corporibus
788 1277 1013 1324 tenuibus
1053 1291 1158 1324 esse
1197 1275 1450 1339 probabile
1489 1282 1586 1335 est,
1629 1281 1677 1324 et
1715 1290 1840 1337 quae
1877 1276 2010 1323 facili
2050 1277 2198 1336 victu,
2238 1282 2383 1338 prout
2421 1276 2463 1323 is
2502 1274 2595 1323 ob-

338 1349 464 1410 tigit,
505 1354 732 1396 contenta
772 1344 973 1415 sint94).
1050 1349 1175 1396 Nam
1213 1351 1368 1412 ipsam
1409 1349 1613 1408 Lunam,
1654 1348 1875 1411 adeoque
1915 1355 1962 1397 et
1999 1348 2190 1408 Solem,
2229 1350 2430 1411 igneum
2470 1345 2592 1395 illud

339 1420 518 1469 animal
559 1427 606 1470 et
645 1430 743 1468 tam
781 1421 946 1469 multis
985 1424 1204 1484 partibus
1242 1422 1392 1470 Terra
1428 1422 1611 1484 majus,
1664 1421 1803 1483 ajunt
1842 1421 2125 1469 humoribus
2164 1421 2469 1470 terrestribus
2509 1419 2590 1479 ali,

339 1493 546 1555 denique
584 1500 632 1542 et
672 1500 832 1542 cetera
869 1494 1030 1543 sidera
1067 1495 1254 1543 infinita
1291 1509 1506 1544 numero,
1559 1493 1698 1543 Adeo
1736 1509 1884 1556 parca
1922 1502 1968 1543 et
2007 1494 2216 1557 frugalia
2254 1496 2303 1541 in
2343 1495 2479 1543 victu
2504 1507 2594 1544 ne—

338 1569 548 1615 cessario
589 1567 820 1615 animalia
857 1570 1156 1630 superiorem
1194 1568 1356 1616 locum
1393 1567 1664 1617 inhabitare
1704 1563 2075 1630 existimantffi).

512 1638 696 1687 Verum
733 1654 891 1702 neque
930 1642 1025 1688 ista
1061 1656 1151 1689 nos
1190 1640 1576 1700 consideramus,
1629 1655 1787 1702 neque
1828 1640 1959 1703 quod
1997 1642 2114 1703 ipsis
2153 1639 2251 1688 alia
2288 1644 2334 1688 et
2373 1640 2508 1703 regio
2547 1644 2595 1688 et

338 1718 514 1760 natura
554 1719 602 1760 et
642 1719 1075 1775 temperamentum
1113 1715 1420 1764 conveniant.
1495 1714 1650 1776 Igitur
1688 1727 1783 1761 non
1823 1728 1964 1762 secus
2003 1728 2061 1762 ae
2100 1714 2141 1761 si
2180 1712 2243 1761 ad
2281 1727 2414 1761 mare
2453 1711 2593 1761 uobis

340 1799 439 1833 non
476 1792 666 1847 pateret
704 1800 928 1834 accessus
967 1801 1125 1849 neque
1165 1788 1271 1850 ejus
1312 1786 1601 1850 degustandi
1627 1779 1778 1835 'esset
1817 1788 1981 1849 copia,
2034 1792 2220 1834 tantum
2262 1787 2450 1834 eminus
2489 1785 2594 1847 ejus

340 1858 799 1920 contemplationem
840 1874 1209 1922 usurparemus,
1262 1859 1367 1908 solo
1407 1874 1523 1908 vero
1563 1859 1732 1907 auditu
1771 1859 2080 1918 disceremus,
2122 1873 2301 1921 aquam
2341 1858 2446 1920 ejus
2488 1872 2593 1906 esse

342 1945 573 1991 amaram,
613 1945 710 1978 non
748 1931 1016 1995 potabilem
1056 1939 1103 1981 et
1141 1933 1338 1994 salsam,
1379 1933 1638 1981 affirmaret
1678 1946 1792 1980 vero
1832 1932 1975 1981 nobis
2015 1934 2271 1995 quispiam,
2314 1931 2445 1993 quod
2483 1933 2595 1979 ani-

337 2004 488 2052 malia
528 2003 700 2053 educet
739 2005 892 2053 multa
930 2013 977 2053 et
1014 2006 1220 2068 grandia
1259 2013 1306 2054 et
1342 2006 1507 2055 formis
1546 2007 1682 2054 varia
1719 2007 1768 2052 in
1806 2006 2060 2067 profundo,
2099 2012 2152 2052 ut
2191 2007 2260 2053 ita
2296 2004 2492 2067 plenum
2531 2004 2596 2052 sit

338 2078 508 2126 bestiis
549 2092 680 2140 aqua
719 2079 966 2127 utentibus
1004 2082 1051 2126 in
1092 2081 1247 2128 vicem
1286 2081 1437 2127 nostri
1475 2080 1627 2140 aeris,
1677 2078 1756 2126 hic
1792 2078 1971 2127 fabulis
2011 2079 2151 2127 nobis
2188 2077 2366 2126 similia
2403 2091 2596 2131 narrare

337 2149 582 2199 videretur
629 2156 676 2199 et
726 2153 975 2200 monstris:
1030 2151 1158 2200 idem
1208 2151 1398 2201 videtur
1447 2153 1587 2200 nobis
1634 2151 1853 2200 accidere
1906 2159 1955 2200 et
1990 2166 2079 2200 nos
2127 2151 2301 2199 horum
2337 2164 2594 2214 personam

337 2238 504 2286 agere,
557 2223 671 2271 dum
724 2224 957 2273 increduli
1008 2240 1174 2274 sumus
1213 2228 1339 2275 circa
1379 2225 1588 2285 Lunam,
1643 2227 1692 2272 in
1741 2239 1801 2274 ea
1848 2224 2069 2274 habitare
2116 2225 2308 2287 aliquos
2356 2224 2590 2272 homines.

338 2297 492 2358 Atqui
533 2299 716 2359 opinor,
758 2298 868 2346 illos
908 2298 1059 2346 multo
1098 2301 1255 2361 magis
1291 2300 1454 2346 mirari
1480 2298 1694 2358 Terram,
1735 2298 1849 2346 dum
1887 2300 2134 2347 intuentur
2171 2298 2320 2358 illam,
2360 2304 2594 2359 tanquam

332 2370 517 2418 faecem
557 2376 603 2418 et
643 2370 798 2418 lutum
837 2373 1074 2432 universi,
1129 2387 1188 2420 ex
1225 2372 1426 2420 humore
1465 2378 1514 2419 et
1550 2370 1741 2420 nebulis
1781 2379 1830 2419 et
1879 2372 2091 2420 nubibus
2142 2372 2225 2420 vix
2262 2375 2592 2434 apparentem,

335 2444 584 2504 regionem
624 2443 920 2508 depressam,
959 2445 1067 2493 luce
1105 2453 1154 2494 et
1191 2453 1327 2494 motu
1367 2450 1624 2504 carentem,
1662 2446 1704 2492 si
1743 2443 1829 2492 illa
1865 2443 1966 2492 alat
2004 2443 2251 2503 animalia,
2292 2458 2417 2506 quae
2442 2449 2594 2504 motu,

331 2517 647 2578 respiratione
700 2522 747 2565 et
794 2517 954 2566 calore
1000 2519 1097 2566 sint
1150 2518 1391 2581 praedita,
1445 2524 1494 2612 et
1541 2517 1698 2566 sicubi
1746 2517 1840 2566 illis
1888 2519 2141 2581 contingat
2188 2515 2356 2566 audire
2402 2515 2592 2566 Home-
2643 2463 2652 2588 ¹

336 2589 437 2638 rica
476 2590 586 2649 ista,

603 2661 908 2723 Terribilem,
943 2662 1131 2724 pedore
1166 2677 1392 2724 yravem,
1432 2677 1591 2724 quam
1627 2662 1775 2712 odere
1812 2662 1890 2709 vel
1927 2664 2025 2723 ipsi
2640 2644 2652 2698 ⁴¹

597 2734 726 2783 Divi
762 2763 835 2770 -—
873 2761 940 2771 -
983 2763 1053 2770 ——
1090 2735 1153 2782 Et
2636 2702 2652 2918 Ξ

606 2807 825 2856 Tantum
866 2809 1012 2871 infra
1052 2807 1223 2871 Styqa,
1265 2822 1423 2870 quam
1459 2822 1620 2868 supra
1658 2812 1850 2855 terram
1887 2809 2071 2855 eminet
2110 2807 2292 2867 aether,

332 2878 456 2928 haec
493 2879 710 2942 profecto
763 2880 922 2929 dicent
970 2881 1028 2929 de
1067 2881 1218 2930 Terra
1256 2883 1349 2929 ista
1397 2886 1562 2928 nostra
1611 2879 1952 2942 intelligenda;
2006 2894 2118 2928 nam
2168 2879 2264 2928 huc
2300 2893 2450 2942 penes
2496 2894 2585 2928 nos

331 2952 570 3001 infernum
609 2967 715 3002 esse
752 2956 1019 3016 repositum
1060 2960 1108 3002 et
1147 2959 1403 3013 tartarum,
1443 2968 1590 3000 unam
1629 2967 1745 3002 vero
1784 2952 1938 3010 solam
1979 2967 2086 3002 esse
2126 2952 2350 3017 Terram,
2398 2952 2588 3001 Lunam
2639 2843 2652 3005 ἒ

333 3024 536 3084 dictam,
593 3040 720 3088 quae
766 3026 1036 3088 aequaliter
1084 3027 1212 3075 absit
1262 3025 1394 3074 illinc
1442 3025 1636 3088 quidem
1675 3041 1705 3074 a
1742 3027 2024 3089 corporibus
2074 3026 2429 3089 superioribus,
2476 3025 2589 3075 hinc
2631 3013 2652 3083 ‘f'

331 3113 446 3148 vero
487 3099 549 3147 ab
587 3099 908 3148 inferioribus

505 3171 603 3220 Vix
641 3186 731 3233 ego
771 3171 1016 3232 finieram,
1069 3186 1178 3220 cum
1215 3170 1410 3235 Sylla
1455 3186 1531 3219 me
1570 3172 1814 3234 excipiens
1853 3180 1898 3219 et
1936 3173 1994 3219 ad
2024 3174 2280 3231 Lampriam
2311 3173 2588 3219 exorientem
2634 3158 2644 3193 ¹

332 3260 591 3304 conversuS,
632 3245 804 3293 cohibe
843 3252 904 3306 te,
947 3246 1126 3307 inquit,
1168 3259 1195 3292 ο
1236 3245 1485 3306 Lampria,
1539 3254 1587 3292 et
1625 3244 1800 3292 valvas
1840 3247 2074 3292 sermonis
2115 3243 2339 3303 occlude,
2392 3258 2452 3292 ne
2491 3244 2587 3291 im-

330 3316 541 3379 prudens
579 3318 796 3366 fabulam
834 3324 1067 3380 tanquam
1105 3319 1271 3366 navim
1309 3319 1357 3364 in
1397 3316 1639 3366 Tellurem
1680 3317 1897 3379 expellas
1936 3318 2175 3379 nobisque
2215 3316 2473 3366 conturbes
2500 3329 2586 3364 co-

335 3389 591 3450 moediam,
633 3405 758 3453 quae
791 3391 896 3454 jam
935 3391 1082 3439 aliam
1119 3390 1269 3439 habet
1293 3404 1487 3439 scenam
1513 3397 1562 3438 et
1587 3390 1969 3452 dispositionem.
2020 3391 2124 3453 Ego
2153 3392 2279 3439 enim
2314 3390 2417 3452 jam
2445 3387 2586 3438 dein·-
2620 3427 2622 3431 .

335 3476 447 3523 ceps
487 3470 621 3511 actor
659 3478 791 3524 sum,
840 3466 977 3533 prius
1024 3469 1186 3512 autem
1226 3463 1454 3512 dramatis
1494 3469 1740 3510 auctorem
1778 3469 1831 3511 ut
1868 3467 2063 3525 poetam
2102 3463 2246 3511 vobis
2284 3460 2585 3510 introducam
2620 3481 2652 3504 ν

333 3535 448 3594 (nisi
487 3535 604 3597 quid
643 3538 797 3598 vetet)
856 3551 963 3585 cum
1011 3536 1224 3585 Homero
1269 3538 1339 3585 sic
1387 3535 1742 3586 exordientem·
1803 3535 1999 3599 Oyyyia
2051 3537 2169 3584 hinc
2222 3537 2367 3598 lonqe
2417 3530 2635 3610 Μεάὶοξ

326 3608 462 3666 jacet
498 3610 670 3657 insula
710 3611 899 3670 Ponto,
955 3612 1168 3672 quinque
1221 3609 1406 3658 dierum
1453 3610 1767 3671 navigatione
1820 3608 2004 3657 distans
2042 3625 2073 3658 a
2110 3609 2364 3657 Britannia
2415 3620 2627 3680 versus-4

334 3679 630 3730 occidentem
647 3677 737 3748 ⁹⁶),
779 3689 875 3730 tres
913 3683 1040 3732 aliae
1079 3682 1367 3745 aequalibus
1408 3681 1676 3731 intervallis
1715 3687 1762 3729 et
1801 3682 1863 3729 ab
1901 3682 1995 3731 hac
2032 3688 2079 3732 et
2116 3684 2238 3730 inter
2276 3695 2328 3730 se
2366 3683 2628 3729 remotae

332 3758 551 3813 spectant
601 3754 859 3816 plurimum
911 3755 974 3803 ad
1013 3770 1239 3804 occasum
1289 3757 1553 3814 aestivum,
1607 3756 1656 3800 in
1694 3768 1897 3816 quarum
1947 3769 2045 3803 una
2083 3754 2346 3804 Saturnum
2384 3767 2414 3802 a
2451 3709 2627 3816 Jove}

335 3824 616 3872 conclusum
658 3828 806 3875 fuisse
843 3828 1123 3876 fabulantur
1160 3829 1367 3888 barbari,
1408 3827 1502 3876 hoc
1541 3840 1671 3886 ver0,
1711 3829 1889 3890 quippe
1928 3827 2055 3890 filio,
2096 3826 2298 3876 custode
2336 3825 2473 3874 illum
2510 3824 2652 3891 1]ιίνὶἶ

334 3903 382 3945 et
421 3897 688 3947 insularum
726 3899 921 3949 illarum
960 3906 1007 3949 et
1045 3903 1213 3963 maris,
1266 3899 1397 3963 quod
1434 3899 1713 3950 Saturnium
1750 3903 2026 3963 nominant,
2068 3902 2230 3964 ipsum
2266 3900 2337 3949 ibi
2373 3900 2424 3948 in
2460 3841 2621 3979 loeis}

2597 4015 2636 4088 i
